2722 4898
566 351 781 416 -·-·5a-

169 527 242 583 Bona
261 524 303 581 rei
318 523 458 583 commissa
473 541 527 596 pre
542 524 650 581 diversa

112 620 169 691 ejue
203 620 355 676 conditione
388 620 540 689 ecclesiae,
575 619 651 674 iaicis

110 713 276 787 principibus
309 715 354 769 vet
388 713 512 784 mancipii
545 712 652 768 domine

112 807 244 863 vindicari
256 814 293 877 ¹).

168 903 197 956 Iu
223 902 366 958 mobilibus
391 901 432 956 rei
457 901 534 957 benis
557 900 652 972 petic-

111 1012 169 1051 rem
190 996 247 1052 aliis
267 995 447 1051 creditoribus
472 994 581 1064 haberi,
607 994 652 1066 qui

110 1090 280 1145 latrocinium
300 1106 394 1161 passus
415 1096 463 1145 est.

170 1183 278 1255 Caput
296 1184 335 1238 44
361 1183 553 1254 (Longinquiua
575 1199 590 1237 a
615 1182 651 1236 li-

111 1278 205 1332 braric
226 1277 341 1348 quedam
367 1277 522 1347 disJeetum)
549 1276 583 1331 ad
603 1293 652 1331 ca-

111 1371 175 1443 pitis
201 1370 238 1424 39
264 1372 360 1426 verba:
391 1371 494 1440 „ditae
519 1371 557 1425 ist
582 1379 653 1426 ettae

112 1463 272 1536 pecenticlt.
294 1464 352 1518 aad
371 1472 441 1518 etue
460 1460 551 1519 attat&-

165 1557 300 1623 Quaenam
314 1557 437 1612 iccorum
450 1557 654 1613 eonsuetudines

113 1666 165 1722 pru
181 1653 254 1722 juste
274 1653 392 1723 receptis
412 1653 568 1707 habeantur.

163 1746 210 1801 tus
230 1746 274 1801 vel
293 1746 421 1819 scriptum
440 1746 485 1803 vel
507 1762 559 1802 non
581 1746 653 1801 scri·
728 1774 734 1781 ·

111 1845 185 1913 ptum
206 1857 271 1896 esse.

164 1934 289 2007 scriptae
313 1935 382 2006 legis
402 1935 526 2017 vigorem
551 1934 652 1990 habere

108 2031 153 2100 jus
173 2029 246 2100 quud
270 2045 443 2100 unaquaeque
467 2029 562 2083 civitas
583 2044 653 2083 cua-

112 2122 225 2178 cedeute
245 2123 368 2195 principe
392 2123 451 2195 ipsa
476 2123 527 2178 sibi
548 2122 652 2178 cunsti-

112 2216 202 2271 tuerit.

164 2309 331 2383 Municipaiia
345 2279 442 2366 statuta
453 2309 573 2366 adhibite
584 2327 652 2382 pru·
743 2332 744 2336 ¹

113 2403 264 2460 denticrum
278 2404 392 2460 consilio
406 2404 543 2460 condenda
559 2421 624 2460 esse.

171 2505 308 2587 Caput
335 2507 388 2571 45.
434 2508 652 2588 Proscripticni

114 2627 216 2673 caram
244 2610 372 2689 imperio
401 2628 456 2689 per
484 2628 593 2672 annum
621 2616 652 2670 et

113 2712 192 2775 diem
207 2712 359 2776 obnoxios
376 2718 462 2774 extra
473 2712 551 2793 Juris
564 2730 652 2773 ccm-

112 2814 283 2879 municnem
303 2816 383 2896 poni.

168 2917 322 2980 Beneficia
344 2936 449 2979 eorum
473 2916 511 2978 ad
532 2934 651 2980 conce·
678 2915 683 2925 '

113 3023 219 3084 dentes
234 3019 349 3082 reverti
355 3040 363 3096 3
383 3019 580 3082 hereditatem
595 3037 651 3080 re-

113 3121 177 3203 digi
206 3121 244 3182 ad
272 3121 377 3183 fiscum
399 3122 533 3204 regium,
564 3121 650 3184 salva

112 3231 212 3287 tamen
231 3224 309 3285 intra
326 3242 433 3286 annum
449 3231 479 3285 ct
496 3224 575 3285 diem
590 3223 650 3285 he-

113 3326 219 3389 redum
233 3325 313 3406 jure,
336 3334 388 3389 aut
407 3332 476 3406 pest
493 3344 602 3388 annum
621 3334 652 3387 et

113 3429 202 3508 diem,
220 3429 246 3491 si
262 3429 346 3508 prius
362 3429 510 3508 petendae
524 3429 651 3491 heredi-

111 3533 181 3595 tatis
197 3532 279 3612 justa
298 3531 335 3592 ab
352 3531 424 3610 ipsis
442 3531 651 3611 impedimenta

113 3635 293 3717 allegentur.

146 3735 358 3797 ,Recentiorem
381 3751 500 3790 *manum
535 3734 651 3807 produnt

113 3829 210 3886 verba:
231 3836 413 3898 „versamem
433 3829 459 3883 si
479 3831 533 3885 dua
552 3831 599 3886 iar
614 3859 650 3871 -

113 3924 180 3980 secte
203 3924 287 3996 lanae
312 3937 344 3977 aa
369 3938 404 3975 ea
425 3923 455 3983 ia
472 3942 566 3998 pewer
584 3918 651 3980 Μ’

172 4016 340 4089 capatus.
370 4014 509 4073 Clientiam
525 4019 667 4092 enigma,

113 4111 268 4181 rictumque
293 4109 362 4165 bona
388 4109 414 4164 in
434 4113 541 4182 patruni
561 4111 650 4169 domi-

115 4250 317 4260 ————---..-..

191 4323 224 4393 1)
245 4322 320 4381 conr.
341 4329 421 4399 caput
441 4322 487 4380 46.

761 2507 827 2571 Art.
843 2508 895 2570 22.
922 2509 1005 2584 „Die
1020 2509 1078 2571 oct
1092 2504 1177 2573 iura

704 2608 776 2672 tucia
797 2608 832 2670 in
855 2610 910 2672 dea
937 2611 1039 2673 re'cltea
1067 2612 1159 2676 aetate

704 2711 755 2774 uae
777 2713 862 2775 teilet
882 2733 950 2777 men
973 2714 1157 2779 rechteloe‚''

758 2917 870 2994 „Unde
887 2937 955 2980 enen
976 2919 1118 2992 certettet
1135 2941 1175 2984 en

701 3038 761 3100 pen
782 3019 865 3081 ande
887 3021 935 3082 len
957 3055 996 3066 -
1020 3022 1080 3084 dez
1102 3025 1177 3086 aut:

704 3121 837 3185 beautron
860 3124 925 3186 ctae
947 3123 1034 3186 reciet
1055 3125 1117 3189 ie.'’

760 4017 819 4073 Art.
839 4016 885 4073 22.
917 4018 1141 4089 „Dienstmenae
1160 4039 1177 4078 e

703 4127 738 4167 ne
756 4111 838 4167 macla
855 4111 885 4166 in
903 4112 949 4168 die
964 4114 1122 4188 tonipctipe
1140 4132 1177 4191 pe
