2722 4898
503 350 740 418 ...237-

55 529 114 596 sub
131 527 191 593 lida
209 544 299 609 quarn
315 544 357 591 ex
378 524 467 611 regni
485 533 595 590 aucto-

53 634 147 698 ritate
174 631 286 696 habeat
313 631 384 708 („bt'
412 630 468 694 dee
494 630 597 694 ricbes

55 737 221 812 tulden'’).

113 840 231 924 Regem
247 837 419 924 eligendum
435 855 516 918 esse,
538 808 616 902 nec·

57 943 215 1023 claudum,
249 961 307 1005 nec
336 942 507 1023 leprosum,
537 959 596 1004 nec

56 1047 349 1117 excommunicatum
375 1034 429 1109 aut
458 1065 474 1108 a
497 1063 596 1131 regno

55 1152 270 1237 proscriptum.
293 1149 394 1212 'lalem
410 1149 498 1229 siqui
511 1151 597 1230 prin-

57 1259 141 1339 cipes
161 1254 299 1337 elegerit,
322 1253 446 1333 reliquis
465 1252 596 1335 rejicere

56 1379 127 1424 eum
154 1359 267 1436 licere,
295 1355 398 1420 habito
428 1374 466 1418 ea
495 1354 533 1418 de
561 1374 596 1419 re

701 838 767 905 Au.
778 837 848 902 146.
869 836 1007 913 „Lumen
1019 852 1091 898 mun
1103 833 1186 897 uncle

647 943 897 1025 miaclsacbtigen
918 956 1000 1002 mun.
1022 940 1102 1001 nacla
1125 938 1185 1000 deu

649 1050 706 1111 der
722 1049 756 1111 tn
768 1026 904 1129 nabasce
925 1045 986 1109 tau
1007 1043 1063 1115 mit
1080 1040 1184 1106 reclude

649 1169 753 1218 comen
767 1152 807 1216 is.
823 1151 883 1213 den
893 1167 933 1211 ne
944 1154 1007 1210 mat
1017 1166 1085 1211 rnen
1099 1145 1186 1208 nicbt

647 1277 687 1320 aa
701 1255 835 1337 tautane
849 1251 985 1317 bieaen.”

57 1462 228 1544 colloquio,
263 1460 301 1524 ad
328 1459 463 1543 regalem
491 1459 597 1522 urbem
701 1522 705 1528 ,

56 1573 238 1633 convocato.

116 1671 227 1752 [Caput
251 1668 336 1744 1231.
381 1667 448 1730 Rex
475 1668 597 1751 eligen-

57 1776 114 1840 dus
130 1774 241 1838 nullius
257 1772 402 1854 principis
418 1775 597 1835 auctoritate

57 1879 212 1958 subditus,
240 1876 294 1941 sed
317 1877 427 1940 eximie
449 1875 528 1940 liber
549 1876 597 1956 sit,

55 1989 145 2046 natus
159 1981 346 2063 parentibus,
369 1981 435 2042 avis
451 1981 597 2061 avisque,

55 2087 109 2168 qui
130 2086 267 2168 ejusdem
293 2084 439 2148 libertatis
465 2083 596 2148 fuerunt.
625 2116 628 2127 ·

55 2190 124 2254 Non
143 2189 294 2274 eligamur
307 2189 424 2252 liberae
442 2187 597 2252 conditio-

55 2295 105 2358 nis
117 2293 256 2357 homines
273 2311 313 2355 ex
327 2292 463 2373 equestri
478 2291 596 2355 ordine.

54 2397 123 2462 Nec·
144 2396 271 2460 aliorum
292 2414 382 2476 quarn
403 2395 597 2460 ecclesiasti·

56 2519 163 2575 curum
191 2500 361 2581 principum
389 2499 509 2577 militari
537 2499 596 2562 ob-

56 2603 165 2686 sequia
195 2603 354 2687 eligendus
384 2602 522 2667 addictus
548 2604 596 2683 sit,
628 2600 632 2618 ⁷

55 2707 110 2773 sed
143 2706 257 2777 liberos
294 2707 446 2794 equestris
481 2699 596 2770 ordinis

702 1672 793 1749 „Der
824 1669 940 1748 learning
973 1666 1023 1728 ecl
1052 1665 1103 1732 sin
1134 1660 1186 1726 art'
1219 1720 1242 1747 f,

648 1775 729 1838 unde
746 1774 815 1837 ecbt
831 1771 959 1853 gebenn.
984 1768 1113 1864 [sovduz
1128 1766 1185 1827 ber

647 1881 699 1953 adn
715 1878 802 1943 recbt
819 1874 970 1947 bebalden
987 1871 1102 1948 babe]”
1113 1873 1158 1943 ¹).

54 2811 194 2895 homiues
232 2809 321 2895 signa
360 2810 425 2892 eJus
457 2827 596 2891 sequen·
715 2862 720 2871 .

55 2922 101 2979 tes
131 2913 253 2989 babeat.
295 2911 361 2975 Nee
389 2914 520 2998 eligatur
545 2914 598 2995 qui

54 3017 208 3095 inferioris
264 3015 416 3100 dignitatis
467 3035 597 3081 uxorem
644 3074 648 3079 .
712 3088 715 3092 ,

55 3120 188 3186 duxerit.
312 3184 316 3192 ,

113 3223 224 3306 [Caput
238 3221 324 3299 1231.
342 3223 411 3287 Rex
423 3242 484 3288 non
495 3223 595 3303 Fran-

55 3345 126 3409 cm,
156 3327 365 3409 cujuscunque
392 3328 430 3391 sit
454 3328 594 3408 nationis,

56 3449 94 3495 ex
124 3449 185 3512 quo
216 3431 332 3494 electus
362 3438 425 3511 est,
460 3431 594 3516 genuina

56 3554 109 3600 sno
134 3536 206 3616 jure
236 3534 423 3614 destituitur,
451 3533 594 3616 deinceps

56 3639 241 3703 Francorum
275 3645 388 3702 tantum
403 3633 407 3639 ’
416 3639 488 3720 jura
518 3638 595 3719 prd-

57 3742 203 3809 sessurus.

109 3856 216 3912 blinimc
230 3861 318 3913 tamen
335 3855 453 3929 eligatur
468 3836 595 3931 natalium

58 3967 162 4009 sucrum
178 3953 241 4024 jure
257 3951 400 4008 destitutus
415 3953 450 4009 ob
465 3953 594 4025 ejusmodi

58 4047 166 4119 aliquam
185 4062 290 4104 causam
308 4047 400 4119 quales
420 4064 500 4121 supra
516 4049 593 4103 rela-

58 4143 97 4196 tae
116 4148 180 4198 sunt
198 4143 288 4219 capite
304 4141 338 4200 de
358 4141 484 4214 eligendo
501 4141 594 4213 judice

59 4284 256 4299 hm—

700 3231 789 3305 „Dcr
795 3228 910 3308 leading
922 3227 971 3289 acl
979 3225 1085 3288 babent
1090 3183 1184 3306 frec-

647 3331 740 3394 lceecb
762 3332 849 3394 'recltt
870 3350 955 3393 amen
977 3330 1033 3390 ber
1051 3347 1185 3409 geconem

646 3436 728 3499 wiri.
750 3453 812 3497 con
830 3433 943 3498 adelber
961 3432 1032 3494 bort
1050 3431 1112 3493 dcta
1129 3430 1197 3492 ber'

646 3539 760 3602 si'-.'’
836 3555 839 3559 ’

131 4373 162 4446 1)
183 4374 259 4434 coni.
279 4377 341 4435 bar.
363 4375 426 4434 libr.
446 4374 665 4436 cxldbrerbis:
685 4372 788 4449 „Srten
806 4391 868 4435 man
887 4375 952 4434 walt
971 4391 1003 4432 ae
1022 4369 1161 4447 tivmna.''
