2722 4898
532 381 768 451 -133-

142 557 251 653 (laput
271 557 336 615 203.
368 558 525 648 Ad'eapitis
542 576 626 632 prae-

78 654 208 710 cedentis
229 656 327 710 rerba:
347 653 412 724 „Vf
423 655 539 711 sacellter
556 655 627 727 turp

77 767 152 806 man
170 750 273 806 aubtes
290 735 410 820 [ditaret
426 745 491 804 -’'.·

164 982 267 1039 Deinde
292 982 412 1037 bavarici
438 982 500 1037 libri
526 983 614 1037 locus:
646 981 714 1053 „llic
741 999 800 1037 man
826 983 912 1039 snidet
933 984 986 1039 wol
1013 983 1097 1040 sineru
1123 972 1220 1040 miden

80 1077 191 1150 pherde
212 1077 255 1132 ein
276 1062 354 1133 linter.
380 1076 429 1132 daz
455 1093 544 1147 gegep
571 1077 647 1132 einen
673 1077 825 1149 pheniwert
845 1077 979 1148 genuibet.
1007 1079 1040 1133 ob
1060 1077 1110 1134 her
1131 1084 1220 1134 menet

83 1173 135 1228 dan
159 1189 189 1227 en
206 1172 310 1241 erligen
324 1171 413 1227 welle.
437 1171 485 1228 dez
506 1160 565 1227 min
582 1188 613 1226 er
630 1171 700 1226 ouclr
717 1188 835 1228 swern.
857 1173 891 1227 ob
907 1190 938 1228 en
953 1172 1028 1228 ienre
1044 1173 1099 1229 nuit
1120 1174 1221 1229 enbern

82 1267 140 1322 wil.
164 1267 214 1322 den
234 1267 283 1321 daz
303 1267 372 1323 lrorn
392 1265 434 1321 ist.
457 1283 486 1320 er
507 1266 544 1320 lat
565 1266 633 1321 oucb
654 1267 694 1322 sin
715 1267 805 1339 plrerit
820 1265 875 1322 wol
895 1272 994 1323 tretten
1014 1268 1062 1323 mit
1082 1268 1133 1325 dan
1150 1284 1219 1324 ror-

82 1362 154 1416 dren
181 1347 274 1417 ιιιιιιι
295 1360 321 1415 in
343 1361 393 1416 den
414 1361 486 1416 esch.
513 1360 566 1415 vnd
586 1361 623 1416 lat
644 1378 674 1416 en
696 1378 772 1417 essen
793 1368 854 1417 vntn
876 1378 906 1416 en
923 1361 1010 1417 wider
1029 1362 1131 1434 kamet,
1151 1362 1222 1419 vnde

84 1474 115 1510 er
139 1455 180 1510 sol
208 1455 256 1510 den
282 1441 366 1510 l'dters
391 1454 447 1510 nuit
473 1454 575 1509 dannan
601 1443 708 1525 liren',
734 1457 903 1529 apertissime
929 1457 1051 1512 innititur
1077 1463 1121 1511 aut
1148 1462 1222 1512 certe

84 1556 281 1606 consentaneus
308 1556 347 1604 est
373 1548 481 1604 Henrici
507 1550 580 1619 regis
606 1550 789 1606 constitutioni
816 1552 876 1607 anni
899 1549 973 1606 1230
1000 1552 1071 1618 (art.
1087 1550 1118 1621 ις
1138 1551 1222 1607 l'ern

83 1645 211 1716 legesll,
224 1643 295 1713 267)
318 1643 362 1699 ubi
383 1643 474 1698 similis
495 1644 614 1699 occurrit
635 1644 752 1700 sanctio:
775 1645 891 1714 „Viator
912 1645 939 1699 in
956 1645 1009 1715 via,
1030 1661 1108 1700 unum
1126 1641 1222 1718 pedem

84 1747 181 1795 tenens
202 1755 271 1810 equo
292 1754 356 1809 suo,
377 1738 502 1808 cultello,
525 1738 617 1808 gladio
638 1738 681 1794 vel
703 1739 772 1794 lalc'e
793 1746 900 1810 segetes
922 1738 1041 1795 incidere
1061 1744 1165 1813 potest,
1186 1739 1222 1794 ita

86 1834 163 1906 quod
177 1833 241 1889 nihil
255 1833 367 1889 delerat.
401 1832 430 1889 si
445 1839 532 1888 autem
548 1840 655 1903 segetes
669 1832 747 1888 aliter
762 1832 888 1889 inciderit
905 1839 931 1888 et
947 1832 1046 1904 aliquid
1062 1833 1124 1889 inde
1140 1834 1221 1900 detu-

85 1930 163 1998 lerit,
178 1931 228 1996 [et]
243 1944 338 2000 paoem
351 1927 511 1998 violaverit,¹
521 1927 610 1995 [sicut]
627 1927 669 1982 ιιι
685 1927 889 2010 suspendetur.''
917 1928 1045 1983 Saxonioi
1059 1933 1146 1984 autem
1160 1928 1224 1985 libri

85 2025 165 2079 locus
186 2029 345 2094 argumento
365 2023 427 2077 bulo
448 2023 618 2090 conveniens,
638 2022 708 2076 nulla
725 2021 854 2093 ejusmodi
872 2017 1035 2078 'auctoritate
1052 2022 1142 2093 fultus,
1163 2023 1223 2094 quis

85 2134 142 2175 non
155 2135 258 2175 mecum
271 2117 369 2176 sentiat
383 2134 461 2188 quan
474 2117 510 2173 sit
522 2117 660 2173 absurdus.
687 2117 753 2172 Sive
767 2117 837 2173 enim
850 2134 910 2173 cum
921 2117 1079 2189 quibusdam
1091 2118 1224 2191 exemplis

85 2214 198 2284 legans:
219 2211 335 2283 „swern
349 2211 540 2269 wecbverdicb
560 2228 619 2266 man
640 2212 710 2266 lnorn
730 2229 765 2284 up
786 2211 847 2268 dem
866 2211 945 2269 lande
967 2213 1092 2282 attat'',
1112 2220 1223 2271 senten·

84 2309 152 2365 tiam
173 2307 315 2380 adipsum
334 2307 553 2378 peregrinantem
573 2305 691 2378 referas,
716 2307 840 2363 frumenti
860 2309 964 2378 spicas,
990 2313 1018 2363 ιι
1037 2307 1133 2363 munem
1153 2324 1223 2380 pro·

86 2403 188 2476 pellat,
213 2402 333 2459 menibus
353 2401 529 2457 extricantem
551 2400 697 2472 granisque
719 2409 887 2472 vescentem,
912 2402 984 2472 sive,
1010 2402 1104 2472 legens
1123 2398 1223 2474 „aret”

86 2498 133 2554 vel
159 2496 285 2567 „ararit”
309 2513 369 2553 cnm
395 2496 483 2553 latinis
509 2496 677 2551 versionibus
707 2497 894 2570 interpreteris
924 2497 1026 2552 locam.
1043 2496 1077 2551 de
1104 2498 1224 2567 jumento

88 2591 219 2665 pascendi
239 2607 320 2646 causa
339 2591 366 2646 in
386 2597 506 2662 segetem
527 2590 652 2661 immisso,
673 2597 787 2661 utroque
808 2608 872 2647 casu
893 2591 951 2662 quis
971 2591 1085 2647 animum
1106 2592 1226 2661 inducat,

89 2687 161 2743 adeo
176 2691 285 2742 veteres
304 2701 418 2743 meones
437 2685 517 2741 luisse
537 2701 644 2757 parcos,
664 2703 697 2741 ne
712 2686 799 2742 dicam
815 2702 922 2755 avaros,
942 2691 971 2741 ut
990 2686 1026 2741 ob
1045 2685 1117 2741 loeni
1136 2686 1225 2742 mani-

89 2783 182 2856 pulam
202 2787 248 2839 aut
269 2780 394 2841 innuenti
415 2781 514 2852 aliquas
539 2781 654 2852 spiculus
679 2780 713 2834 ad
733 2781 948 2851 consequendam
971 2779 1078 2850 tragum
1098 2795 1225 2835 consum-

89 2884 180 2938 ιιιιιιιιι
206 2875 419 2933 aestimationem
447 2875 473 2930 ιι
500 2876 704 2948 peregrinantes
728 2876 862 2930 actionem
888 2875 1025 2945 dederint,
1056 2891 1134 2945 quum
1160 2873 1227 2931 alias
1306 2947 1310 2954 Ι

90 2986 210 3045 praem
229 2976 353 3039 unauna,
373 2969 480 3026 divinae
499 2970 568 3040 legis
589 2973 632 3037 (5.
646 2971 712 3026 llos.
728 2969 775 3039 23,
795 2987 819 3025 ι.
836 2970 883 3040 24,
897 2970 949 3038 25)
969 2985 1101 3027 inemoras
1121 2974 1228 3025 constet

90 3083 151 3125 eata
164 3064 291 3127 ,nonime
310 3064 502 3137 hospitalitatis
520 3064 619 3135 legem,
638 3082 671 3120 ne
693 3065 737 3121 eni
757 3064 941 3138 praetereunti
961 3071 1109 3135 negaretur
1125 3063 1226 3121 decer-

91 3177 161 3235 pere
181 3176 261 3217 ιιιιιι
280 3166 326 3215 ιιι
346 3158 478 3232 colligere
502 3159 605 3232 spicas,
618 3177 707 3221 ,manu
734 3159 926 3230 conterendas,
952 3159 1048 3231 quibus
1074 3157 1228 3229 satiaretur,

92 3263 122 3312 ut
141 3255 261 3313 retertur
281 3253 403 3311 batarini
424 3254 487 3310 libri
506 3254 597 3324 capita
611 3253 678 3323 201,
699 3255 804 3311 verbis:
825 3254 898 3324 „vnd
908 3261 959 3324 gat
973 3255 1016 3311 ein
1032 3253 1133 3310 manin
1150 3252 1229 3309 sinen

91 3351 253 3422 wingarten.
276 3350 371 3413 ersol
388 3347 437 3405 der
451 3348 555 3409 wicber
576 3364 653 3405 essen
674 3348 730 3403 alse
751 3349 788 3405 vil
808 3350 862 3405 alse
883 3348 918 3403 im
938 3349 1054 3419 geralle.
1076 3346 1189 3402 vndsol
1204 3346 1228 3402 ir

91 3446 143 3503 dar
164 3461 197 3502 ιι
217 3445 274 3501 nuit
293 3451 398 3515 tragon
426 3442 479 3501 vad
504 3448 551 3513 gat
576 3443 619 3499 ein
646 3458 705 3499 man
731 3444 757 3498 in
785 3443 862 3499 einen
880 3443 954 3499 esch.
973 3459 1011 3498 -er
1031 3441 1072 3497 sol
1093 3440 1142 3498 der
1162 3441 1229 3496 eber

91 3541 222 3603 brecbam
243 3539 298 3599 rad
318 3539 359 3595 sol
379 3539 401 3596 si
421 3538 546 3595 zerriben
567 3537 614 3592 mit
634 3536 682 3592 der
703 3539 773 3595 hant.
795 3537 850 3593 vnd
870 3554 927 3593 esse
948 3537 997 3592 den
1017 3536 1125 3592 kornes.
1147 3536 1186 3591 οιιΙ
1203 3535 1230 3592 iu
1258 3530 1262 3536 ’

92 3636 222 3706 bungart.
247 3633 301 3693 rud
321 3633 396 3691 auide
414 3633 455 3691 sia
476 3632 523 3688 mit
543 3631 644 3688 sicbaln
664 3628 749 3688 nuit.''
783 3631 859 3688 conl.
882 3648 951 3702 quae
976 3629 1087 3687 eandem
1112 3629 1146 3687 ad
1172 3645 1230 3687 rern

93 3746 131 3785 ex
150 3729 283 3800 maiorum
303 3734 456 3787 nostrorum
474 3727 649 3783 monumentis
666 3727 737 3782 leotu
753 3742 806 3782 non
822 3725 964 3796 injucunda
981 3723 1097 3795 collegit
1110 3722 1231 3782 Grimm

93 3823 396 3893 Rechtsaltertbuemer,
416 3840 441 3895 p.
457 3822 521 3877 401.
557 3821 693 3877 Curiosius
710 3838 776 3877 vero
797 3820 948 3893 inspicienti
964 3819 1067 3891 patebit
1082 3818 1138 3875 loci
1153 3818 1231 3888 buius

94 3920 124 3975 in
142 3918 273 3975 saxonico
293 3919 367 3975 libro
385 3916 567 3989 corruptelam
592 3923 678 3972 ortam
705 3933 761 3971 esse
788 3933 822 3972 en
847 3914 920 3970 male
943 3913 1087 3971 intellectis
1111 3910 1233 3970 bavarioi

95 4013 152 4070 loci
173 4013 277 4071 uerbis:
304 4014 366 4084 „ob
386 4029 422 4068 en
443 4012 539 4068 ienre
559 4010 635 4066 nuit
655 4011 783 4066 eubern
803 4005 895 4078 wil'',
917 4024 984 4079 quae
1005 4009 1078 4065 dicta
1098 4007 1131 4064 de
1148 4007 1230 4078 jura·

90 4107 222 4178 jurando,
241 4114 338 4165 actore
357 4107 481 4176 instante,
500 4105 593 4162 alurti
607 4121 656 4161 reo
670 4121 729 4161 eam
750 4105 785 4160 ob
802 4118 909 4160 oausam
925 4102 1098 4174 praestando,
1119 4100 1231 4157 forsitan

95 4204 176 4259 tono:
203 4203 272 4274 „den
292 4188 352 4259 miz
373 4219 403 4257 er
424 4201 494 4257 ouclr
514 4196 657 4270 swern'',
681 4199 788 4270 legens:
810 4196 878 4268 „des
898 4183 958 4253 miin
978 4214 1008 4253 er
1029 4197 1107 4255 oucb.
1119 4190 1231 4251 wern''

94 4298 132 4356 de
153 4297 317 4370 praestanda
336 4296 378 4353 rei
396 4295 591 4366 aestimatione,
615 4311 667 4366 qua
687 4310 782 4349 carere
803 4291 874 4347 lundi
895 4292 1018 4350 dominus
1036 4289 1168 4358 noluerit,
1187 4286 1232 4345 in-

94 4397 326 4468 terpretatusart
347 4391 518 4467 epimnator.
549 4392 638 4449 talem
659 4390 686 4449 in
705 4387 812 4447 modun
824 4402 841 4444 a
855 4387 943 4462 primo
956 4385 1084 4447 manico
1097 4383 1234 4457 scriptura
