2722 4898
538 340 773 407 -201-

161 515 269 597 Caput
299 514 370 577 294.
421 514 571 579 Potiorem
600 516 630 576 in

117 618 272 682 uindicando
315 637 406 681 servo
447 619 631 699 possidentis

116 739 214 784 oausam
242 739 323 785 esse.

156 946 270 1026 Caput
297 944 369 1007 295.
415 944 502 1009 Servi
532 945 631 1008 domi-

111 1049 175 1110 nium
197 1048 345 1111 adversus
372 1066 456 1126 eum,
486 1047 572 1128 cujus
599 1051 629 1110 in

111 1152 246 1214 servitium
269 1150 427 1234 transfuga
448 1170 482 1213 se
502 1152 629 1230 dederit,

110 1255 128 1315 si
142 1272 298 1334 possessor
317 1255 346 1316 iu
361 1255 410 1334 jus
426 1262 553 1318 vocatus
568 1272 630 1317 nou

110 1359 209 1419 tenerit
237 1359 388 1420 actionem
421 1366 629 1440 suscepturus,

109 1462 222 1538 probare
252 1469 387 1523 actorem
419 1479 509 1541 posse
539 1463 630 1542 jure-

110 1563 218 1639 jurando
235 1583 301 1641 suo,
322 1582 381 1626 runa
399 1582 500 1627 secum
516 1566 629 1645 juran-

110 1665 177 1729 tibus·
207 1668 324 1729 duobus
368 1667 543 1750 transfugae
581 1669 629 1731 vei

110 1766 266 1851 propinq‘uis
289 1770 339 1834 vel
366 1772 535 1841 conservis,

154 2202 261 2259 Domino
282 2202 323 2258 ias
344 2207 398 2273 est,
424 2217 517 2257 coram
539 2202 630 2272 judice

114 2295 197 2368 alapam
215 2298 340 2369 infligere
360 2297 409 2367 itti,
430 2297 474 2368 qui
492 2297 631 2353 servitium

114 2402 168 2446 suum
196 2395 359 2451 detrectasse
393 2393 531 2449 convietus
563 2392 630 2460 erit3

113 2489 232 2545 resideo
263 2494 420 2543 succenseat
448 2486 549 2556 judex3
582 2501 630 2542 suo

114 2581 164 2636 orio
178 2584 238 2654 jure
258 2583 311 2639 hoo
331 2582 451 2639 dominus
471 2581 542 2638 iacit.

155 2694 266 2778 Caput
281 2694 354 2759 296.
377 2695 482 2773 Reum,
498 2693 629 2757 ubieun-

113 2806 155 2870 que
175 2799 272 2879 injus
295 2806 421 2862 vooatus
444 2796 545 2876 fuerit,
571 2815 629 2877 pa-

112 2897 153 2961 trio
166 2920 218 2967 suo
234 2920 319 2965 more
336 2900 541 2991 defendimus
558 2900 629 2982 cogi

112 3014 182 3074 posse
202 3013 235 3068 ut
258 2988 361 3069 coram
384 3005 441 3068 alio
461 3023 551 3085 quam
570 3003 629 3065 do-

112 3104 192 3171 micilii
220 3109 268 3173 sui
296 3109 399 3190 judice
431 3108 626 3189 Judioiarium

111 3217 243 3275 certamen
265 3212 422 3276 sustineat.

152 3331 194 3388 Ad
207 3332 334 3406 eapitis
349 3331 404 3388 295
418 3332 515 3388 verba:
534 3331 629 3401 ‚mode

109 3421 142 3476 toi
159 3428 206 3482 dez
231 3429 284 3484 der
303 3426 410 3482 rieiter
430 3426 490 3481 aiot
514 3441 626 3480 zaroem.

109 3527 155 3573 troo
171 3538 201 3576 eu
221 3521 260 3576 ist
279 3521 325 3576 sito
345 3513 452 3577 recW

151 3631 196 3697 Qui
210 3633 300 3688 autori
315 3632 507 3688 condemnetur
521 3647 627 3705 semper

108 3721 211 3782 pueram
233 3744 339 3801 quoque
361 3726 446 3797 judiei
473 3724 628 3782 solvendam

108 3807 237 3880 iituraeae.

152 3930 265 4016 Caput
293 3934 366 4000 297.
410 3935 569 3998 Adversus
597 3935 627 3995 in

109 4040 158 4094 rem
178 4039 326 4101 actionem
345 4056 449 4101 eoram
473 4038 626 4101 ordinario

109 4132 201 4202 ltntum
216 4143 263 4204 rei
277 4143 429 4224 litigiosae
446 4141 549 4220 judioe
567 4142 626 4205 de-

110 4226 255 4308 tersionem
278 4244 502 4326 suscipiendam
523 4261 603 4309 esse.
653 4282 657 4289 ·

734 514 845 590 „Seuer
868 513 919 576 die
946 533 1068 595 potuere
1096 510 1151 578 hot
1178 517 1219 578 oa

683 636 804 698 epitome
831 637 952 680 manna.
989 619 1047 680 det
1073 626 1136 681 mut
1165 639 1221 682 aue

682 721 736 782 mit
764 740 891 783 mareote
923 721 1028 783 recita
1055 723 1220 803 oirihupeo

683 824 833 886 doroteae
856 824 912 887 cler
933 825 964 887 ir
987 825 1128 890 doroet.'’

736 943 802 1008 Art.
829 943 898 1008 128.
950 944 1066 1021 „Seuer
1098 967 1221 1029 eyneooe

683 1047 795 1110 terreo
831 1048 905 1110 secio
941 1056 1093 1128 uotsuqet.
1138 1051 1221 1111 orode

683 1170 805 1231 epitome
833 1152 972 1215 anderen
996 1153 1063 1214 siclo
1085 1160 1219 1233 aueepet.

681 1253 763 1314 orode
786 1274 825 1316 ne
848 1264 928 1317 comt
950 1257 1000 1317 sito
1023 1256 1113 1317 heare
1135 1256 1221 1318 uiolet

682 1375 758 1418 aare
787 1357 871 1427 deme
904 1358 960 1419 iuer
986 1358 1054 1420 siclo
1086 1366 1220 1439 zosepet.

683 1460 743 1521 daz
767 1480 801 1521 er
823 1462 874 1522 iae
896 1468 1023 1524 aorasia
1044 1483 1084 1524 zu
1106 1463 1220 1524 recito.

681 1563 751 1625 iane
773 1564 911 1644 derupta
933 1585 987 1627 ene
1009 1566 1138 1645 sprioiot.
1163 1567 1221 1627 be-

681 1667 814 1729 troliano
828 1668 912 1728 selba
923 1667 1020 1729 dritta
1035 1669 1122 1730 siuet·
1132 1687 1221 1747 mapa

683 1770 1221 1833 mmmmmmmm

682 1874 777 1937 uiolet.
812 1873 868 1934 iter
896 1873 1051 1953 oirtioupet
1081 1874 1132 1934 ine
1164 1874 1220 1935 mit

683 1984 762 2039 tmen
776 1977 866 2039 sinete
884 1976 1114 2056 topeboartepoo
1132 1977 1219 2057 eipe-

682 2099 741 2141 ueo
763 2081 928 2144 monneto.'’

732 2186 831 2271 „Saea
858 2203 909 2258 iter
927 2201 973 2258 iae
997 2201 1141 2274 virtiuqet
1161 2202 1219 2257 tat.

682 2312 715 2351 so
730 2297 775 2352 sol
787 2297 838 2353 ioer
851 2297 918 2352 secio
932 2297 1010 2352 siner
1022 2297 1221 2352 underooiadeo

682 2391 731 2446 mit
748 2409 860 2465 epaeme
876 2392 1012 2464 loalslaqe.
1034 2391 1068 2447 ob
1083 2391 1135 2448 her
1147 2386 1219 2447 ott.’'
