2722 4898
529 347 738 413 ..43-

77 521 316 602 quandoquidem
344 539 496 602 nunquam
522 523 662 585 usitatum
684 530 751 586 erat
773 522 1040 586 instrumentorum
1062 522 1201 603 exempla

75 627 175 708 sigillis
199 627 401 703 communire,
430 644 558 706 quarum
586 627 617 688 in
644 625 874 707 subscriptionis
897 626 1034 690 clausula
1056 642 1118 689 non
1140 645 1203 689 ex-

74 747 177 810 pressa
199 731 311 794 mentio
336 729 531 810 adjiceretur.
618 767 622 772 -
674 762 677 766 ·

154 832 367 911 Tandem'dux
381 833 532 896 llenricus
548 841 672 913 quartus
691 833 770 913 juris
792 833 981 914 municipalis
999 833 1203 895 membranam

74 937 147 998 illam
170 937 201 998 in
224 937 289 1016 ipsa
307 936 580 999 uratislaviensium
597 937 718 998 ciuitate
735 937 773 999 ab
787 944 917 1016 utraque
931 939 1044 1020 pagina
1060 938 1204 1016 scriptam

74 1058 139 1103 esse
165 1047 269 1120 aperte
292 1046 419 1102 testatur
435 1040 465 1101 in
482 1040 643 1119 diplomate
665 1040 734 1105 enni
750 1038 987 1120 llGCLXXXlll,
1009 1058 1071 1120 qun
1086 1040 1204 1103 civibus

73 1160 252 1205 concessum
269 1143 348 1224 juris
370 1142 458 1223 hujus
481 1160 569 1206 usum
591 1142 691 1207 denuo
715 1142 960 1216 confirmado).

154 1240 454 1309 Sumendae-illius
488 1246 679 1309 membranae
707 1263 830 1308 causam
863 1246 1090 1326 rationemque,
1124 1262 1201 1325 quas

73 1349 284 1428 aliquantulum
313 1347 684 1435 subobscuriusllcnrici
712 1349 798 1413 ducis
825 1349 920 1412 uerba
945 1350 1095 1427 indicant,
1125 1349 1201 1409 tales

73 1453 211 1533 suspicor
233 1451 337 1517 luisse.

151 1555 411 1619 Uratlslavienses
433 1556 599 1636 municipes
622 1555 801 1619 invocantes
824 1555 975 1620 adversus
992 1557 1100 1619 ducem
1120 1575 1201 1618 cen-

73 1676 158 1722 oessa
169 1659 232 1723 sibi
246 1658 646 1742 magdeburgensium'jura,
662 1675 752 1738 quum
768 1658 1034 1740 interpellarentur
1049 1667 1081 1723 ut
1096 1678 1202 1722 eorum

71 1762 194 1841 tabulas,
212 1769 302 1843 prout
322 1763 416 1825 moris
438 1770 515 1840 erat,
538 1763 637 1825 denuo
660 1763 884 1826 confinnandas
909 1781 990 1824 novo
1014 1762 1084 1825 duci
1106 1762 1200 1826 crhi-

69 1864 185 1944 berent,
209 1883 336 1949 mag-nas
358 1866 575 1949 inaugustias
593 1866 779 1944 ceciderant,
801 1867 911 1946 quippe
927 1866 978 1944 qui
1001 1866 1118 1928 scriniis
1140 1865 1202 1926 mi-

69 1985 121 2033 nus
144 1968 310 2052 diligenter
337 1968 493 2038 cueoditis
520 1969 794 2052 magdeburgensis
820 1969 899 2049 juris
933 1967 1089 2048 exemplo,
1102 1967 1201 2047 ‘quod

69 2070 134 2135 duci
164 2072 325 2151 offerrent,
356 2072 511 2135 carebant.
550 2072 626 2134 Nec.
643 2079 744 2136 tamen
766 2070 865 2134 defuit
888 2071 946 2134 illis
973 2070 1108 2149 fallacia,
1137 2088 1198 2149 qua

69 2175 229 2238 socordiae
251 2168 525 2256 reprehensionem
547 2176 681 2238 evadere
704 2181 899 2239 conarentur.
935 2173 1201 2238 pertinentissime
1310 2182 1312 2187 '

68 2278 145 2340 enim
163 2279 213 2341 -de
236 2279 657 2361 jura-magdeburgensium
674 2260 846 2360 municipali
871 2277 1201 2360 uulgatum-quendam

68 2380 207 2472 libellum,
227 2381 318 2461 cujus
335 2382 491 2446 a'condita
505 2381 628 2445 civitate
643 2382 823 2462 principium
845 2389 922 2460 erat,
944 2383 975 2444 in
996 2381 1200 2444 membranam

68 2485 275 2566 conjecerunt.
321 2485 443 2559 Quo-in
467 2485 596 2549 consilio
618 2485 805 2566 perficiendo
827 2503 895 2547 eum
920 2485 1021 2548 scriba
1043 2484 1200 2547 interioris
1238 2504 1242 2509 ·

67 2589 258 2651 membranae
280 2595 449 2651 extremam
470 2589 626 2668 usqne-ad
642 2596 758 2668 partem
780 2605 856 2669 opus
879 2606 969 2651 suum.
983 2589 1198 2666 continuasset,

67 2707 143 2752 nova
167 2690 230 2772 jam
262 2692 417 2754 oriebatur
444 2691 591 2753 molestia.
636 2691 757 2753 Publica
783 2692 862 2752 enim
890 2693 1085 2755 instrumenta
1108 2709 1200 2770 quum
1302 2760 1308 2769 ,

66 2810 124 2855 non
152 2794 212 2855 nisi
241 2793 277 2855 ab
300 2794 439 2857 interiori
470 2795 663 2857 membranae
692 2794 802 2875 pagina
833 2795 925 2857 scribi
948 2795 1093 2873 solerent,
1123 2794 1199 2856 sub-

67 2896 232 2977 scriptione
252 2898 314 2978 jam
333 2916 414 2978 ¹opus
436 2905 514 2978 erat,
537 2916 626 2978 quam
649 2897 780 2977 scriptor
802 2897 892 2974 talem
912 2897 1063 2981 concepit,
1085 2903 1118 2960 ut
1139 2897 1199 2958 mi-

65 3016 122 3063 nus
145 2988 259 3063 attente
280 3001 366 3072 lecta,
383 3020 438 3082 pro
461 3000 868 3090 ucrcflmagdeburgensium
891 3000 999 3071 civium
1025 3001 1197 3071 testimonio

63 3101 163 3183 accipi
189 3110 305 3183 posset.
348 3103 443 3184 Ipsius
472 3111 572 3171 autem
597 3103 773 3184 scriptionis
795 3110 884 3167 tenor
906 3103 1006 3187 media
1024 3105 1059 3166 in
1082 3123 1117 3166 re
1140 3103 1198 3166 ab·

63 3212 169 3285 ruptus
191 3223 233 3267 ne
254 3207 458 3287 suspicionem
484 3213 639 3286 moueret,
667 3208 837 3271 inaversa
865 3208 975 3290 pagina
1005 3208 1199 3271 continuatus

63 3315 110 3370 est
137 3308 273 3388 libellus,
307 3309 364 3373 oui.
389 3311 629 3373 transcribendo·
654 3310 782 3373 interior
814 3311 1007 3373 membranae
1024 3327 1106 3390 pars
1135 3329 1198 3373 non

63 3405 348 3490 suffecerat3'du0i
382 3420 482 3475 autem
513 3413 682 3494 municipes
715 3413 997 3493 exposueruntjus
1024 3413 1200 3495 amagdea

61 3511 276 3596 burgensibus·
299 3510 357 3582 sibi
384 3517 507 3579 missum
536 3534 642 3580 corum
665 3516 781 3596 quibus.
801 3515 960 3579 incilicia
974 3522 1199 3579 succeserunt

61 3616 185 3699 ignaria
207 3624 238 3679 et
261 3617 299 3680 ob
320 3619 515 3682 membranae
534 3619 881 3684 ‘nimiambrevitatem'
896 3619 1031 3699 pluribus
1060 3620 1196 3683 articulis

61 3713 183 3783 cmisn's
204 3720 235 3783 in
259 3720 461 3806 authenticum
478 3722 607 3787 civitatis
631 3741 704 3786 suae
721 3721 950 3786 instrumentum
967 3723 1096 3786 relatum
1114 3740 1194 3802 esse,

63 3876 270 3886 *μ

142 3959 174 4032 1)
195 3961 329 4037 Gaupp,
354 3981 379 4037 p.
401 3963 470 4033 251:
498 3964 732 4038 „propterquod
756 3963 952 4036 indignaclonis
971 3972 1063 4025 nostre
1084 3970 1193 4021 senten-

60 4057 158 4113 tientea
184 4059 296 4127 indicia,
315 4064 477 4130 nostreque
506 4066 669 4132 postremum
697 4061 786 4130 gratie
817 4060 956 4123 reformati
982 4062 1122 4132 pecierunt
1146 4061 1192 4115 in-

60 4153 178 4208 stanclns
212 4159 240 4208 ut
271 4155 380 4208 omnia
412 4155 570 4224 ipsorum.
592 4155 687 4224 jura,
721 4171 784 4226 (pue
815 4156 853 4210 ab
878 4141 1031 4227 ²*utraque
1062 4154 1190 4226 pagiua

62 4247 347 4318 conscripserant
371 4248 448 4303 unius
467 4246 565 4304 literae
585 4249 747 4326 continentia
770 4249 932 4305 concludere
953 4247 1153 4320 dignaremur.''
