2722 4898
620 360 837 425 ..18-

160 529 381 616 pretiosissimo
398 532 564 597 Salvatoris
587 534 683 597 nostri
705 535 854 617 sanguine
873 535 1058 616 redemptum
1075 532 1186 616 triplici
1207 552 1296 598 muro

161 637 352 719 omnipotens
380 637 456 699 deus
484 637 735 717 circumdederit,
764 656 825 717 quo
849 639 989 701 securius
1012 637 1218 701 custodiretur
1240 621 1307 701 re?

161 741 302 805 conditus
330 741 370 803 ibi
392 740 569 819 thesaurus,
598 741 616 803 i.
635 760 664 807 e.
687 740 814 805 hominis
836 741 967 804 fideliter
990 740 1108 803 Christo
1132 740 1297 805 servientis

161 845 275 922 anima;
302 845 429 925 primum
451 843 594 909 videlicet
616 863 701 907 muro
724 864 765 908 ex
788 846 889 908 serico
913 845 1041 908 stamine
1065 849 1222 923 contexto,
1246 845 1297 908 cui

158 947 315 1030 pontificia
336 948 414 1011 stola
438 948 666 1028 aequiparatum
696 968 782 1012 muro
812 948 923 1012 deinde
952 947 1055 1011 ferreo
1079 965 1140 1028 quo
1164 949 1297 1010 concio-

158 1059 248 1116 nator
270 1050 420 1135 significat
441 1051 576 1114 ferreum
598 1052 812 1133 imperatoriae
841 1051 999 1132 potestatis
1022 1051 1179 1133 ¹gladium,
1207 1068 1297 1115 muro

159 1156 282 1220 tandem
304 1156 357 1237 qui
379 1154 519 1219 sensibus
541 1173 604 1218 non
627 1163 788 1238 appareat,
817 1157 836 1218 i.
859 1173 887 1220 e.
912 1154 1091 1218 coelestium
1118 1153 1297 1238 angelorum

160 1259 316 1338 custodia,
353 1276 431 1339 quae
465 1259 532 1321 talis
560 1259 615 1339 sit,
643 1267 676 1322 ut
702 1276 803 1338 neque
826 1277 955 1342 regnum
978 1258 1164 1337 inveniatur,
1192 1275 1297 1337 neque

159 1362 250 1446 regni
272 1361 345 1426 ditio
374 1362 475 1443 aliqua
504 1380 605 1442 neque
633 1363 721 1442 urbs,
750 1381 850 1443 neque
878 1363 984 1425 domus
1012 1379 1114 1440 neque
1141 1358 1297 1424 hominum

160 1465 292 1545 denique
318 1466 415 1546 ullus,
449 1466 501 1547 qui
528 1483 590 1528 non
618 1466 801 1549 singularem
830 1465 970 1548 angelum
999 1464 1157 1528 custodem
1186 1465 1297 1544 quovis

159 1575 297 1650 tempore
320 1570 377 1634 sibi
400 1571 540 1634 comitem
561 1570 726 1645 habeat¹).

244 1672 339 1736 Notas
361 1672 398 1737 ad
413 1672 619 1755 Bajuariorum
636 1672 736 1756 legem
755 1691 831 1754 quas
855 1674 885 1735 in
907 1672 1095 1754 propositum
1118 1689 1203 1735 suum
1226 1671 1299 1736 libri

160 1777 359 1841 concinnator
382 1779 532 1840 convertit
559 1776 631 1839 nihil
661 1777 699 1839 ad
722 1796 787 1840 rem
810 1776 986 1840 exhibuisse
1009 1775 1151 1855 suspicor
1172 1783 1299 1855 praeter

158 1883 255 1945 breve
276 1880 352 1944 illud
373 1888 588 1963 praeceptum,
614 1881 753 1944 haustum
780 1900 821 1944 ex
842 1879 989 1944 Friderici
1012 1879 1139 1942 secundi
1160 1879 1299 1960 impera-

157 1986 234 2049 toris
256 1982 385 2048 loedere
407 1984 684 2066 comprincipibus
709 1985 929 2049 ecclesiasticis
957 1984 1029 2046 anni
1050 1981 1203 2063 dccxx,
1234 2002 1297 2063 quo

158 2087 314 2166 statuitur,
339 2088 453 2168 jurium
481 2088 693 2151 interdictione
716 2109 734 2151 a
756 2090 835 2151 laico
859 2089 965 2169 judice
994 2087 1186 2167 plectendum
1214 2104 1298 2168 esse,

159 2192 212 2272 qui
239 2190 317 2254 ultra
345 2198 464 2254 sextam
491 2193 686 2272 septimanam
716 2193 753 2255 ab
783 2192 943 2254 ecclesiae.
965 2192 1179 2254 communione
1208 2191 1300 2255 exsul

159 2294 258 2358 iactus
285 2295 501 2375 poenitentiam
530 2313 590 2358 non
620 2297 720 2379 egerit
731 2299 775 2370 ²).
822 2295 906 2369 Quae
935 2294 1006 2357 huic
1022 2295 1299 2359 annotatiunculae

162 2468 279 2477 μ--ω--ι
282 2468 367 2474 -.-

239 2569 270 2642 1)
291 2568 431 2640 Berthold,
451 2571 480 2627 B.
495 2570 523 2640 2,
544 2587 570 2642 p.
587 2570 623 2626 58
637 2587 711 2644 seqq.
744 2572 857 2629 bocum:
878 2572 949 2642 „Das
966 2570 1159 2631 himmelreiob
1179 2570 1303 2642 gleichet

159 2667 246 2725 ciuem
264 2665 358 2723 Acker
380 2661 451 2720 etc.''
472 2669 513 2738 (p.
529 2664 579 2735 58)
606 2682 789 2736 recognosces
815 2667 841 2722 in
863 2667 932 2738 juris
956 2667 1102 2722 communis
1122 2666 1187 2722 libri
1207 2666 1301 2740 capito

159 2762 216 2819 346
237 2762 283 2818 ubi
309 2761 343 2817 de
369 2759 486 2817 thesauri
513 2760 541 2816 in
565 2760 648 2817 fundo
666 2761 763 2817 alieno
786 2761 941 2818 inventione
962 2761 1067 2832 agitur,
1095 2760 1200 2817 verbis:
1226 2760 1300 2832 „daz

157 2859 283 2915 beweret
308 2873 368 2913 man
396 2855 466 2924 [mit]
497 2855 558 2911 dem
586 2855 707 2926 heiligen
733 2856 893 2927 ewangelio.
928 2855 978 2911 daz
1004 2856 1124 2929 spricbet
1149 2856 1215 2912 also.
1246 2856 1299 2912 daz

156 2951 316 3010 bimelricho
336 2950 455 3024 gelichet
476 2951 562 3006 eiocm
583 2950 665 3006 acher
687 2951 758 3007 etc.”
772 2980 809 2993 -
829 2952 859 3006 ln
872 2951 1013 3008 bertholdi
1027 2952 1090 3008 loco
1109 2950 1144 3006 de
1165 2966 1242 3006 muro
1264 2969 1300 3008 ex

157 3046 248 3104 serico
268 3046 380 3103 stamine
406 3050 534 3102 contexto
556 3047 639 3101 verba
660 3052 820 3104 occurrunt:
846 3047 929 3117 „Nun
955 3046 1025 3102 kann
1051 3047 1101 3102 der
1120 3047 1199 3103 Pabst
1223 3047 1300 3103 nicht

158 3143 186 3200 io
206 3142 277 3198 allen
292 3140 400 3197 handen
421 3142 479 3198 sein
498 3158 523 3196 u.
537 3157 558 3198 s.
573 3137 628 3196 w.''
661 3141 781 3197 Eundem
801 3141 827 3196 io
848 3140 964 3213 modum,
985 3141 1031 3198 ubi
1051 3141 1085 3198 de
1105 3140 1198 3197 ferreo
1218 3157 1299 3197 muro

158 3253 249 3294 sermo
269 3242 321 3308 est,
341 3235 432 3309 pergit
452 3235 627 3292 bertholdus:
649 3237 704 3307 „Es
724 3236 795 3293 hano
815 3238 883 3293 auch
904 3237 952 3293 der
969 3237 1064 3293 Kaisar
1083 3236 1158 3293 nicht
1177 3236 1205 3291 in
1225 3235 1299 3293 allen

157 3332 265 3391 Landen
286 3332 343 3389 sein
364 3328 436 3388 etc.''
458 3334 500 3404 (p.
516 3332 552 3387 65
574 3331 608 3387 cl.
628 3349 655 3404 p.
672 3331 728 3388 123
748 3332 766 3388 l.
781 3335 836 3403 o),
863 3332 906 3389 cui
926 3332 989 3410 loco
1010 3333 1037 3389 in
1057 3332 1127 3403 juris
1150 3331 1300 3387 communis

158 3429 231 3487 libro
256 3426 420 3502 respondent
446 3425 542 3499 capitis
566 3424 618 3482 119
639 3428 738 3482 verba:
764 3427 838 3497 „Der
857 3427 953 3483 lleiser
973 3443 1036 3498 mag
1061 3427 1089 3482 in
1109 3425 1179 3483 allen
1199 3424 1300 3483 landen

159 3525 220 3581 nvit
239 3523 324 3596 gesin.
350 3522 421 3579 vnde
442 3538 504 3592 mag
524 3520 591 3577 allez
611 3522 770 3592 vngerichte
796 3523 853 3578 nuit
873 3523 1012 3579 verribteu
1033 3522 1105 3578 etc.''
1146 3520 1300 3578 Saronicus

159 3620 231 3677 liber
251 3617 363 3676 eaodem
384 3615 491 3689 quidem
511 3616 667 3672 sententiam
688 3616 769 3686 (Cod.
786 3618 879 3685 Quedl.
896 3624 945 3674 art.
961 3617 1029 3687 143)
1050 3617 1170 3687 exhibet,
1190 3617 1300 3689 adjecta

159 3720 249 3771 tamen
269 3729 304 3769 ex
323 3712 419 3769 usitata
440 3712 467 3768 in
487 3710 621 3769 saxoniae
646 3712 728 3768 terris
747 3713 892 3784 judiciaria
912 3712 998 3769 lorma
1019 3712 1126 3768 sculteti
1146 3711 1299 3768 mentione:

160 3809 235 3880 „Der
247 3807 343 3864 Keiser
363 3824 396 3864 ne
417 3807 494 3863 mach
509 3809 575 3863 aber
589 3807 615 3864 io
632 3808 703 3863 allen
717 3808 818 3866 Steden
837 3808 911 3864 nicht
930 3808 979 3864 sin.
1000 3807 1069 3862 trude
1090 3807 1116 3862 al
1136 3806 1300 3877 ungericbte

160 3903 234 3960 nicht
259 3901 365 3958 richtcn
390 3919 423 3957 uu
446 3903 514 3959 aller
534 3905 579 3958 rit.
607 3901 640 3959 da
660 3920 746 3959 ummo
767 3903 814 3960 liet
834 3904 884 3959 her
904 3902 956 3958 deo
976 3907 1086 3958 vorsteu
1106 3901 1301 3974 graveschaph

161 3997 232 4054 uode
252 3997 305 4053 deo
325 4012 430 4067 greven
449 3995 671 4056 schultichdum.”

239 4092 272 4163 2)
293 4093 381 4148 bassb.
403 4093 442 4149 lit.
460 4093 494 4150 l:
520 4093 593 4165 „Alo
614 4094 659 4150 ein
683 4110 749 4150 mco
774 4093 805 4150 io
826 4093 889 4150 dem
913 4092 1005 4150 bcooe
1029 4092 1069 4148 ist
1089 4087 1162 4149 etc.”
1196 4090 1300 4148 Fride·

161 4187 212 4244 rici
225 4187 256 4255 ll.
275 4187 339 4262 imp.
356 4188 479 4245 confoed.
500 4205 560 4245 cum
580 4189 747 4263 principibus
767 4188 958 4245 ecclesiasticis
979 4187 1041 4243 anni
1056 4185 1131 4244 1220
1151 4203 1175 4243 o.
1190 4185 1224 4242 7:
1245 4185 1301 4258 „Et

163 4283 225 4355 quia
240 4281 347 4355 gladius
366 4284 511 4340 materialis
531 4284 691 4341 constitutus
711 4289 752 4338 est
773 4284 800 4339 in
820 4284 966 4341 subsidium
986 4281 1115 4355 spiritalis
1136 4296 1300 4338 excommu-

162 4377 340 4453 nicationem,
366 4379 390 4436 si
415 4379 658 4438 excommunicatus
685 4377 713 4435 in
738 4395 771 4436 ea
796 4379 868 4438 ultra
889 4395 938 4438 sex
961 4378 1120 4454 septimanas
1144 4375 1302 4452 perstitisse
