2722 4898
507 368 744 437 -ata-

92 556 151 610 tur,
184 544 282 613 perdita
310 544 429 612 principia
459 543 602 613 dignatione

93 634 128 686 ad
151 640 268 702 quartum
295 630 453 682 descendere
480 631 602 696 ordinem,

92 719 209 790 quarum
232 716 350 769 beneficii
373 717 488 769 domiuus
513 717 603 768 eadem

92 821 182 860 secum
196 803 316 855 natalium
330 803 451 871 dignitato
465 805 505 855 sit.
528 803 604 856 Simi-

91 893 153 945 liter
175 893 196 943 si
218 891 343 958 equestris
368 889 495 957 dignitatis
518 888 602 954 bomo,

93 980 209 1048 quintum
230 992 358 1044 occupans
379 975 508 1040 ordinem,
531 975 603 1040 ejus-

92 1065 154 1116 dem
166 1063 258 1114 ordinis
270 1063 364 1114 bomini
380 1078 409 1112 se
423 1060 526 1112 militem
540 1078 603 1129 pro-

90 1151 201 1213 fiteatur,
218 1150 243 1200 in
259 1158 358 1200 sextam
375 1146 489 1199 ordinem
505 1146 602 1211 delabi;
677 1138 680 1142 ¹

93 1245 120 1288 et
134 1233 325 1287 ministerialem
340 1234 452 1302 denique
467 1233 602 1297 hominem,

95 1329 214 1389 suscepto
241 1321 346 1372 alterius
372 1318 501 1384 cujusdem
526 1320 602 1369 mini-

96 1407 202 1462 sterialis
221 1407 329 1459 bominis
353 1405 455 1457 servitio
478 1420 510 1455 ex
529 1413 601 1456 sexto

96 1497 122 1545 in
155 1494 289 1562 septimum
324 1491 456 1543 militarem
490 1489 602 1543 ordinem

97 1581 194 1634 referri.

148 1702 221 1766 Cum
244 1702 282 1764 ob
306 1701 456 1764 nundinas
479 1700 598 1764 noviter
619 1700 769 1763 institutas
791 1699 1041 1780 municionesque
1059 1701 1091 1762 in
1110 1718 1190 1764 con·
1282 1758 1292 1771 ,

60 1806 131 1870 linio
156 1806 273 1868 alienae
297 1805 416 1868 ditionis
439 1810 613 1866 exstructas
636 1804 717 1867 inter
739 1804 857 1868 vicinos
880 1810 1032 1867 terrarum
1054 1803 1192 1868 domiuus

59 1909 273 1973 acerbissimae
297 1909 367 1971 olim
391 1908 600 1972 contentiones
627 1909 745 1970 moveri
775 1907 926 1986 solerent,
954 1908 1100 1988 pacisque
1123 1913 1193 1970 tur-

57 2015 183 2077 batores
203 2011 396 2074 castellorum
415 2011 577 2092 praesidiis
599 2011 654 2073 tuti
673 2011 866 2093 judiciariam
887 2012 1096 2074 auctoritatem
1114 2028 1194 2073 oon·

58 2115 184 2197 temptui
198 2113 279 2176 haud
294 2132 366 2176 raro
382 2114 539 2193 haberent,
561 2114 631 2178 loco
650 2114 687 2177 de
702 2116 803 2196 jurato
819 2116 902 2196 pacis
918 2113 1044 2178 loedere
1061 2112 1193 2189 (elli)

58 2237 121 2283 non
143 2220 249 2282 mirum
272 2225 318 2280 est
341 2218 528 2298 subjunctam
551 2216 602 2279 bic
624 2217 685 2303 legi
706 2217 925 2299 quaestionem,
949 2235 1038 2298 quam
1060 2214 1196 2298 sequti

59 2329 170 2387 tractat
192 2322 327 2384 bavarici
348 2319 417 2383 libri
439 2321 599 2400 particula.

145 2457 249 2526 Caput
273 2457 322 2509 143
350 2457 381 2508 de
408 2456 525 2508 nundinis
552 2473 604 2509 uon

96 2545 255 2598 instituendis
291 2545 317 2593 in
350 2542 490 2595 vicinorum
523 2542 603 2595 detri-

97 2641 225 2694 mentnm3
260 2630 343 2698 deque
375 2629 484 2680 castellis
514 2628 603 2681 aliisve

98 2716 275 2770 munitionibus
292 2731 343 2766 nou
363 2715 510 2767 extruendis
523 2716 603 2768 inscio

100 2814 184 2856 terrae
201 2802 316 2871 principe
327 2803 361 2867 ι).

701 2459 756 2511 Art.
769 2459 828 2511 156.
856 2457 934 2524 „Men
950 2474 982 2509 ne
999 2466 1053 2509 mut
1070 2456 1196 2510 petenen

655 2545 755 2597 mordet
778 2546 865 2596 beroen
887 2561 975 2613 epam
995 2544 1105 2594 andario
1122 2543 1197 2610 epotis·

654 2630 714 2681 mile
732 2647 775 2682 aaa.
805 2629 865 2680 Mers
887 2647 920 2680 ae
942 2637 996 2679 matt
1020 2629 1197 2682 scanlalum

656 2715 737 2767 turcl
764 2716 852 2766 buccea
878 2732 928 2766 noc
954 2715 1013 2765 stud
1038 2721 1125 2765 vasten
1150 2714 1197 2763 mit

654 2801 768 2870 plasten
796 2800 863 2853 need
892 2815 991 2850 murena.
1024 2797 1091 2850 aoeb
1120 2797 1197 2850 berclt

653 2904 703 2938 noe
720 2888 818 2938 werder
837 2886 924 2938 duacen
941 2884 1010 2937 noct
1028 2891 1101 2935 tome
1123 2882 1195 2949 [birt-

652 2989 703 3024 nen
727 2972 834 3040 dorplte]
860 2988 908 3023 orte
933 2972 975 3023 des
1000 2969 1127 3021 ricbterea
1150 2986 1196 3021 or-

654 3056 721 3127 loplt.
751 3057 809 3110 Aac
826 3058 867 3110 siat
887 3057 979 3126 orlopb
998 3063 1053 3108 matt
1073 3071 1131 3107 men
1147 3053 1198 3107 aool

651 3144 750 3214 probeo
775 3144 829 3196 alae
852 3144 914 3212 altpt
935 3142 988 3195 else
1006 3157 1056 3211 epar
1072 3157 1134 3192 men
1149 3140 1197 3193 mit

656 3232 726 3282 dente
748 3232 845 3299 spodon
868 3230 921 3298 atpb
944 3229 1051 3281 cebetem
1072 3227 1149 3279 mocb
1166 3228 1197 3280 de

654 3316 721 3366 crde.
750 3332 779 3366 so
803 3318 850 3367 das
873 3315 921 3366 ber
943 3313 1052 3366 nicbene
1074 3311 1197 3364 scismata

654 3400 784 3469 pentacos.
814 3400 874 3451 Mea
895 3408 949 3450 matt
972 3399 1021 3450 ccl
1043 3395 1092 3449 wel
1109 3396 1197 3448 mea

655 3503 690 3536 on
714 3486 755 3536 aiat
779 3484 869 3554 orlopb
892 3486 938 3536 mit
962 3483 1044 3536 boltte
1067 3485 1128 3535 oder
1150 3482 1197 3534 mit

656 3578 743 3640 steyaa
767 3572 838 3623 drier
856 3569 910 3622 dele
932 3569 964 3621 lto
983 3568 1061 3620 doben
1079 3585 1128 3637 epa
1146 3584 1196 3619 aar·

567 3681 573 3693 ·
656 3659 709 3709 der.
728 3673 791 3725 epae
809 3656 902 3708 binnan
920 3657 965 3707 der
983 3656 1067 3706 erden.
1087 3653 1128 3721 die
1146 3670 1197 3704 aa·

70 4118 273 4128 -a-a-1--—-

657 3744 717 3794 dere
728 3759 782 3794 two
794 3743 880 3794 dedan.
900 3743 968 3792 dasle
980 3757 1037 3792 men
1049 3757 1112 3806 syrte
1124 3740 1197 3791 litore

656 3827 722 3880 bade
739 3829 767 3879 ia
783 3844 823 3878 me
844 3826 979 3878 aedertteat
994 3827 1100 3895 pudorne
1118 3823 1197 3876 boden

657 3915 703 3965 der
721 3914 798 3965 erden
817 3913 894 3980 leopos
916 3911 955 3962 bo.
991 3911 1050 3960 blaa
1071 3916 1126 3962 mut
1149 3909 1197 3962 acl

656 4000 705 4052 scol
718 4007 804 4051 cesten
819 4015 900 4065 mara
912 3998 962 4063 bes
968 3997 1015 4047 mit
1027 3996 1123 4048 etune»
1136 3996 1197 4046 oder

147 4185 177 4253 1)
203 4183 327 4241 Forsitan
347 4189 374 4239 et
393 4183 588 4240 uocabulorum
607 4181 752 4240 similitudo
772 4179 892 4238 nonnihil
912 4179 992 4251 lecit,
1011 4182 1040 4233 ut
1060 4171 1196 4248 capiti-de

69 4279 266 4338 marchionibus
294 4275 541 4349 („margrave'')
567 4278 768 4335 adscriberetur
789 4277 816 4333 in
838 4273 959 4347 margine
978 4274 1054 4330 loeus
1077 4274 1196 4328 tractent

70 4376 104 4434 de
124 4373 246 4433 nundinis
268 4373 472 4449 (‚,market'').

933 4473 990 4531 li*
1045 4462 1055 4475 ’
