2722 4898
528 356 764 421 ..123-

117 529 214 586 nilititos
226 529 384 603 praestanda
397 545 449 602 pro
463 545 556 586 eorum
570 547 623 587 nu-

117 640 172 680 nero
183 623 220 696 qui
235 625 400 697 expeditioni
416 625 546 682 intersint.

156 719 255 801 Gaput
268 718 429 783 181-184.
450 717 496 781 De
509 720 623 782 damnis

117 838 155 900 per
167 822 382 904 inprudentiam
400 822 486 885 datis.

155 925 256 1007 Caput
269 925 339 990 181.
361 926 479 989 Foveas
494 932 623 1006 puteos-

117 1043 159 1105 que
171 1030 283 1111 sepibus
300 1029 532 1092 circumdandos
545 1047 625 1108 esse,

116 1147 142 1192 ne
163 1132 325 1213 imprudens
355 1132 421 1212 quis
456 1132 626 1196 decidendo

116 1229 232 1298 laedatur.
275 1236 337 1299 lter
359 1235 511 1315 publicum
535 1235 627 1298 fossis

116 1333 308 1418 inpediendum
330 1358 393 1402 non
415 1356 495 1403 esse.

154 1440 220 1513 Cujus
243 1441 389 1498 latitudinis
411 1448 537 1514 oporteat
557 1441 626 1497 uiam

116 1533 221 1603 patticam
239 1555 306 1593 esse.
338 1536 376 1593 Cf.
392 1553 415 1593 c.
429 1536 493 1592 221.

152 1629 183 1685 lle
192 1630 341 1687 reficiendis
353 1631 493 1687 itineribus
504 1630 625 1703 publicis.

155 1723 259 1807 Caput
273 1725 344 1791 182.
368 1726 434 1800 Oua
445 1744 544 1807 poena
559 1723 628 1788 alli-

117 1825 214 1891 ciendus
240 1830 293 1908 sit,
320 1830 370 1908 qui
396 1830 514 1912 sagittis
534 1829 627 1909 jacu-

115 1924 171 1993 lisue
179 1932 381 2014 imprudenter
391 1950 465 1995 usus
476 1932 627 1994 hominem

116 2027 273 2098 interfecerit
294 2043 346 2099 aut
366 2036 628 2109 vrdneraverit1).

154 2136 629 2220 Caput183.Arboremadviam

118 2240 284 2320 caedentem,
313 2260 373 2323 qua
393 2242 483 2306 homo
507 2242 629 2304 occisus

116 2335 149 2418 sit,
159 2344 209 2406 nisi
220 2354 267 2408 ter
278 2345 523 2425 proclamaverit,
537 2343 630 2428 gladii

64 2434 66 2443 ¹
116 2453 190 2516 leena
206 2448 397 2512 alliciendum
415 2467 501 2526 esse3
526 2450 553 2511 si
571 2466 630 2529 pe-

116 2559 155 2609 tus
173 2553 303 2616 occisum
325 2554 373 2632 sit,
397 2553 462 2633 ejus
486 2553 631 2614 aestima-

113 2647 204 2718 lionem
220 2675 306 2719 reum
323 2655 437 2719 debere
460 2662 490 2718 et
506 2655 632 2735 insuper

112 2755 241 2837 ejudce
273 2759 423 2823 mulctari.
478 2757 634 2833 Quemad-

112 2859 211 2925 nodum
234 2863 429 2944 exculpunt,
453 2862 505 2942 qni
526 2866 635 2941 se,‘ut

113 2956 204 3045 debuit,
225 2965 434 3046 proclamasse
458 2965 547 3029 dicat.
733 2954 737 2963 ’

155 3066 291 3150 caput
319 3067 389 3131 184.
439 3066 522 3131 idern
552 3067 634 3149 quod

111 3170 290 3245 praecedenti
312 3171 410 3253 capite
438 3171 548 3235 dictum
577 3177 633 3247 est,

113 3268 250 3355 obtinere,
280 3274 307 3338 si
328 3273 421 3361 domo
445 3275 581 3356 carpenti
603 3274 633 3336 in

111 3373 147 3449 nia
162 3376 294 3464 publica
323 3376 439 3458 disiecti
468 3379 547 3441 mole
576 3396 634 3458 op-

110 3492 221 3556 pressus
243 3477 344 3545 fuerit.
412 3540 445 3569 .-

155 3581 276 3665 Gaput
293 3582 364 3648 185.
393 3583 546 3665 Impunem
564 3601 637 3660 esse,

109 3686 151 3762 tui
179 3687 278 3770 virgis
310 3695 362 3754 aut
396 3705 488 3750 manu
515 3695 636 3751 tantum

109 3783 177 3851 illata
214 3787 392 3871 discipulum
430 3792 634 3874 castigaverit.

110 3887 171 3961 dut
189 3894 277 3955 aliter
310 3907 399 3974 qaam
432 3895 528 3977 virgis
562 3912 636 3957 san·
694 3912 698 3921 ’

111 3994 307 4073 goinclentum
330 3995 431 4059 iaciat
460 3997 637 4077 discipulum

114 4153 303 4169 κη’-Μαι

179 4262 208 4332 1)
234 4264 263 4321 ln
288 4280 366 4320 unam
393 4263 549 4320 sententiam
574 4263 650 4335 hujus
675 4269 701 4318 et
723 4259 910 4335 praecedentis
930 4260 1024 4347 capitis
1044 4266 1225 4333 argumentum

116 4359 235 4416 ttttruit
253 4360 397 4418 uxamiam
416 4360 534 4435 scriptor
554 4359 643 4434 quedl.
664 4357 724 4416 cod.
745 4355 860 4414 articulo
879 4354 926 4416 et.
