2722 4898
640 298 854 364 ..30-

247 469 366 552 Caput
380 472 410 536 2.
434 472 574 556 origenis
590 491 720 553 praesa·
837 472 903 539 Art.
916 472 945 537 3.
966 474 1122 552 „orienes
1137 474 1310 557 wicsopcdc

181 576 261 659 gium
269 577 307 638 de
318 583 433 656 septem
449 577 549 640 mundi
560 577 719 640 aetatibus.
772 579 823 641 tn'r
846 580 979 641 becaren
995 579 1067 641 —.’'

239 688 357 743 Eundem
373 687 406 744 ad
421 689 527 744 modum
541 695 642 762 septem
660 689 719 762 cty-
830 709 893 760 „nc
925 691 1071 748 dorsetaen
1099 690 1149 745 wis
1180 690 1237 746 sint
1267 690 1312 747 dic

181 799 250 855 pcos
269 782 398 840 militares
419 783 553 856 distingui.
771 786 948 843 terescdtlde
966 780 1135 860 crpelcpit.’'
1226 800 1229 806 ·

245 887 365 971 Caput
393 887 413 950 3
440 888 495 953 lit.
524 906 551 951 a.
599 888 719 970 Septem
806 946 812 962 ,
836 889 902 953 Art.
917 889 953 952 44
971 890 1045 966 „Na
1059 889 1161 951 nacrtcc
1178 891 1219 952 mi
1235 889 1312 952 oder

180 991 411 1074 propinquitatis
431 991 545 1074 gradus
570 993 720 1072 quemad·
771 1012 841 1058 acor
861 994 917 1058 dia
939 993 1027 1056 stobe
1050 993 1212 1074 beqtnnc.”

180 1096 300 1160 modum
318 1103 538 1176 computentur.
573 1096 606 1158 ln
622 1096 719 1160 here-

181 1200 275 1262 ditate
295 1199 446 1280 capienda
468 1201 616 1280 potiorem
638 1219 719 1282 essa,

180 1303 231 1381 qui
260 1303 290 1364 in
322 1303 590 1386 consanguinitatis
616 1306 720 1387 gradu

180 1407 380 1492 propinquior
402 1409 450 1476 sit.

265 1564 429 1628 Bavaricus
452 1566 529 1643 tiber
551 1568 581 1630 in
600 1565 808 1650 computandis
830 1566 1062 1652 generationum
1084 1564 1230 1649 gradibus
1254 1582 1312 1627 ec-

180 1667 343 1731 clesiastici
355 1669 434 1751 juris
456 1689 592 1733 normam
602 1650 762 1751 ‘sequitur3
787 1671 951 1734 saxonicus
970 1675 1070 1733 autem
1086 1671 1228 1753 scriptor,
1246 1668 1312 1733 tiliis

178 1772 208 1834 in
236 1780 344 1836 trunco
373 1774 478 1854 positis
502 1794 519 1837 a
540 1758 670 1838 tiliorum
697 1764 764 1837 titiis
795 1774 913 1838 demum
942 1774 1146 1855 procedentes
1173 1790 1312 1856 genera-

178 1876 292 1940 tionum
322 1878 436 1961 gradus
465 1896 645 1959 numerans,
674 1878 792 1942 Isidoro
821 1897 982 1961 perperam
1011 1877 1194 1961 adscriptam
1223 1895 1312 1942 com-

179 1980 303 2059 putandi
325 1980 404 2051 ittam
427 1982 576 2061 rationem
599 1983 699 2061 docet,
723 2000 812 2062 qnam
826 1981 1004 2045 Alexander
1022 2001 1100 2065 papa
1119 2000 1182 2045 non
1200 1999 1313 2065 repro-

178 2082 261 2146 bavit
275 2084 406 2166 quidem‚
422 2077 525 2168 utpote
541 2104 620 2167 quae
634 2082 713 2149 bene
729 2085 882 2149 intellecta
898 2086 1009 2150 nultum
1024 2084 1147 2150 inducat
1162 2103 1313 2167 errorem,

179 2185 233 2248 sed
252 2205 269 2250 a
287 2206 362 2251 vero
385 2196 485 2252 tamen
507 2180 658 2254 ecclesiae
681 2208 739 2255 usu
760 2190 909 2255 recedere
932 2190 1057 2254 notavit.

265 2289 406 2359 Bavarici
427 2293 497 2356 libri
514 2274 629 2358 rerba:
653 2296 753 2374 „inter
776 2294 871 2358 virum
893 2301 924 2357 et
946 2311 1075 2358 uxorem
1102 2292 1214 2357 nuttam
1237 2313 1314 2376 pcr-

179 2411 275 2457 sonae
299 2384 500 2477 duplicitatem
523 2415 593 2461 esse
616 2406 742 2480 propter
763 2398 943 2463 matrimonii
966 2405 1204 2478 sacramentum,
1232 2398 1314 2480 quod

179 2498 323 2562 eximium
346 2501 426 2563 inter
448 2509 565 2582 septem
593 2509 785 2565 sacramenta
807 2502 907 2565 locum
931 2500 1096 2580 obtineat‘’‚
1118 2500 1314 2567 Bartholdum

178 2601 431 2674 Ratisbonansem
447 2607 621 2688 sapiunt1).
643 2605 825 2681 ‚saxonicus
841 2606 974 2688 scriptor
988 2605 1186 2668 sententiam:
1211 2623 1314 2685 „cou-

150 2778 153 2783 ,
174 2707 266 2791 juges
282 2707 352 2772 dum
367 2710 471 2773 vivant
491 2729 547 2792 pro
570 2728 630 2774 una
651 2728 784 2793 persona
806 2708 931 2792 haberi”
955 2708 1043 2773 affert
1066 2725 1127 2772 non
1149 2708 1314 2788 hocloco,

179 2811 235 2874 sed
264 2811 302 2875 de
332 2812 496 2897 conjugum
528 2815 616 2878 bonis
645 2814 816 2894 disserens,
852 2812 1024 2896 suppressis
1054 2831 1132 2893 quac
1165 2830 1206 2875 cx
1234 2812 1316 2877 Ber-

178 2912 282 2978 thotdo
306 2916 344 2981 de
367 2919 549 2989 sacramenti
571 2918 680 3000 vigore
702 2919 866 2984 bavaricus
888 2918 1020 3000 scriptor
1042 2916 1200 2980 addiderat
1210 2917 1257 2991 ²).

203 3087 206 3091 ·
245 3068 404 3152 Caput3
431 3071 476 3135 lit.
499 3073 528 3137 b.
574 3071 719 3157 Cognatis

179 3190 289 3255 usque·
315 3174 352 3238 ad
386 3176 546 3257 septimum
580 3194 718 3241 consan-

179 3278 335 3362 guinitatis
371 3280 498 3363 madum
534 3280 720 3346 hereditates

181 3381 304 3447 deferri.

182 3502 295 3511 -—-—--

257 3562 288 3631 1)
310 3562 349 3620 (lt.
370 3562 564 3621 Bcrttrotd's
583 3566 737 3639 Predigten,
755 3566 846 3623 ubera.
864 3581 918 3622 von
938 3561 1084 3635 (lochel,
1104 3562 1133 3619 B.
1150 3561 1176 3635 t,
1196 3562 1225 3641 S.
1241 3563 1317 3622 328:

178 3686 234 3728 „-
250 3658 283 3713 da
304 3674 362 3715 man
383 3659 426 3715 die
446 3659 549 3731 heiliga
570 3661 620 3716 ehe
641 3662 688 3717 mit
704 3660 752 3717 der
773 3662 865 3717 sichen
881 3659 1057 3731 heitigtrciten
1077 3659 1153 3713 einer
1173 3658 1319 3732 hetestigt,

179 3752 232 3808 und
252 3753 326 3808 mehr
347 3754 478 3826 geheitigt
499 3756 537 3810 als
558 3755 655 3826 irgend
678 3757 755 3812 einen
776 3756 861 3811 orden
882 3771 906 3810 u.
922 3771 941 3809 s.
957 3754 1012 3809 w.''
1052 3752 1163 3823 Reliqua
1184 3752 1240 3808 loci
1263 3770 1318 3810 cx-

179 3863 270 3918 pressa
297 3853 356 3903 sunt
382 3849 416 3902 ad
435 3849 575 3906 Berthotdi
601 3867 635 3905 cx
661 3852 794 3906 ecclesiae
815 3855 963 3924 praecepto
984 3847 1192 3922 propinquitatis
1213 3847 1319 3918 gradus

178 3943 280 4014 populo
301 3944 458 4014 exponentis
472 3946 569 4001 verba:
592 3944 702 4015 „Wenn
722 3962 782 4001 man
802 3944 846 4000 dic
859 3941 1087 4000 Vernandschatt
1107 3940 1226 3998 rechuen
1246 3943 1318 4014 wilt,

180 4051 211 4092 so
231 4035 281 4092 sott
302 4052 361 4092 man
380 4054 413 4092 au
430 4039 490 4096 dem
503 4040 608 4112 Haupte
626 4040 746 4096 anheben
761 4036 840 4096 etc.''·
860 4036 1029 4110 (Prodigtcm
1048 4038 1138 4094 athera.
1153 4052 1208 4093 von
1221 4034 1316 4094 Goe-

180 4131 249 4202 bet‚
269 4133 297 4189 B.
314 4133 341 4202 2,
361 4132 387 4189 S.
405 4134 446 4200 5.)
603 4192 606 4197 ,

255 4228 287 4296 2)
308 4227 367 4284 Art.
388 4227 460 4300 xm,
480 4230 587 4287 verbis:
619 4230 701 4300 „tttan
728 4229 796 4286 unde
817 4229 891 4302 wiptr
916 4246 949 4284 ne
975 4228 1061 4285 trabcu
1087 4226 1194 4283 nichein
1220 4226 1318 4286 tzweit

180 4327 227 4397 gut
248 4339 280 4379 zu
301 4322 368 4381 irmc
389 4321 472 4382 tiue.''
