2722 4898
613 368 850 437 *ma-

223 544 331 620 Impune
347 545 478 617 ejusmodi
493 545 577 602 ieram
595 545 708 617 occidit,

168 640 214 712 qni
234 642 291 712 ejus
311 656 401 697 morsu
422 640 606 714 impetiturl).

250 761 299 824 Ad
317 763 423 842 capitis
438 761 501 825 207
516 762 627 825 verba:
651 761 737 845 „giht
754 781 821 825 mun
841 762 897 825 daz
916 750 969 845 git
986 780 1047 826 von
1066 761 1165 824 einom
1182 761 1307 825 diencst

166 883 245 931 man.
268 866 345 929 oder
361 885 421 929 von
440 867 539 929 einem
558 866 675 928 andren
693 885 771 929 man.
795 867 861 928 der
884 866 942 928 sol
965 866 1070 929 selbe
1089 865 1237 928 komen.
1264 865 1304 927 ob

165 968 196 1030 in
218 969 280 1031 oivt
302 967 402 1031 ehuite
425 976 478 1033 not
499 968 591 1031 lctzct
609 967 685 1029 —’':

223 1095 329 1169 Caput
349 1096 413 1153 245.
445 1096 479 1152 Ut
496 1096 554 1169 ipse
571 1104 664 1153 auctor
679 1097 706 1152 in
809 1098 869 1154 Art.
886 1096 951 1154 102.
980 1097 1184 1166 ,Juncmccd
1198 1097 1305 1154 neten

165 1190 239 1247 litem
259 1197 370 1247 vocatus
391 1191 496 1262 judicio
520 1193 628 1247 sistatur
653 1207 706 1248 uon
757 1188 909 1263 wiple-.'’

165 1285 303 1358 pertinere
330 1286 363 1341 ad
393 1285 520 1356 feminas,
551 1287 647 1357 quibus
674 1303 708 1342 ex

164 1379 316 1453 principum
341 1379 456 1435 consilio
482 1397 532 1436 rex
555 1380 708 1452 postulandi

166 1490 268 1530 omnem
302 1473 456 1529 facultatem
492 1475 638 1545 ademerit,
672 1475 706 1529 ob
804 1508 813 1515 -

164 1568 315 1624 ilaeiurnae
335 1568 540 1641 impudentiam,
566 1570 627 1625 dum
647 1570 707 1625 Ro·

165 1679 224 1719 mae
240 1679 333 1720 coram
350 1679 417 1734 rege
434 1680 541 1720 causam
557 1663 659 1735 egisset
669 1667 708 1732 ¹).

165 1817 327 1892 epitomator
347 1810 469 1876 uersatus
489 1818 580 1889 fuerit,
601 1835 636 1903 ex
657 1834 691 1874 eo
711 1816 880 1888 intelligitur,
901 1817 972 1888 quod
992 1815 1081 1899 sulrito
1095 1815 1141 1872 hic
1162 1816 1196 1873 de
1213 1835 1303 1875 vena·

163 1912 243 1970 tionis
263 1931 343 1971 eausa
365 1913 460 1992 clausis
481 1908 650 1986 privatorum
672 1911 747 1967 silvis
772 1913 912 1984 loquatur,
939 1911 1077 1967 immemor
1098 1912 1181 1984 paulo
1202 1919 1303 1970 antea

164 2025 192 2064 se
212 1990 338 2066 traditum
360 2025 427 2080 esse,
447 2015 502 2063 tres
523 2015 624 2063 tautum
645 2007 671 2063 in
688 2005 822 2063 saxoniae
838 2007 918 2062 terris
939 2006 1068 2078 ejusmodi
1088 2006 1179 2079 silvas,
1199 2025 1302 2080 easque

163 2102 242 2158 unico
262 2084 353 2174 regias
374 2102 510 2174 existere,
536 2103 609 2174 quod
628 2100 714 2174 ipsum
735 2089 912 2174 caeteroquin*
929 2101 1022 2156 falsum
1038 2119 1103 2181 'esse
1124 2117 1203 2159 nemo
1226 2102 1302 2159 dim-

164 2197 278 2268 tcbitnr,
299 2197 344 2269 qui
364 2181 484 2253 veterum
506 2197 679 2271 diplomatum
699 2214 743 2253 res
763 2196 901 2254 saxonicas
921 2189 1097 2269 spectantium
1117 2198 1162 2253 vel
1183 2197 1302 2270 aliquam

103 2326 111 2344 .
163 2290 263 2346 habeat
282 2292 412 2348 notitiam.

242 2384 273 2455 1)
292 2387 412 2461 Respicit
431 2387 499 2443 haec
519 2387 648 2443 sententia
670 2387 743 2442 citati
764 2389 791 2452 §.
808 2386 844 2441 10
864 2386 952 2442 finalia
973 2386 1071 2443 verba:
1097 2393 1144 2458 „el
1165 2387 1230 2443 ideo
1252 2388 1302 2443 etsi

165 2495 226 2534 eum
247 2480 302 2548 lm.
322 2485 424 2550 ursum]
448 2481 552 2552 occidi,
578 2499 664 2537 meum
690 2498 790 2554 corpus
817 2478 886 2553 est”-‚
909 2481 1058 2554 paullulum
1083 2488 1173 2538 tamen
1198 2489 1301 2539 mutata

165 2573 242 2645 liujus
262 2574 318 2630 loci
337 2576 477 2633 sententia.

241 2669 273 2736 2)
295 2669 359 2736 Quis
373 2671 492 2742 gentium
507 2671 625 2744 explicet
645 2672 715 2727 unde
734 2671 760 2726 in
777 2677 891 2741 utroque
908 2676 960 2726 tam
974 2671 1104 2728 baturico
1119 2689 1197 2744 quam
1215 2689 1302 2730 saxo-

164 2763 226 2819 nico
240 2763 312 2819 libro
325 2765 413 2820 locum
428 2766 462 2821 dc
476 2765 577 2821 damnis
593 2779 647 2837 per
659 2766 782 2821 animalia
804 2766 884 2820 illatis
903 2766 948 2821 hic
969 2766 1058 2822 subito
1079 2767 1198 2840 excipiat
1220 2774 1302 2841 caput

165 2859 200 2914 do·
218 2857 376 2915 feminarum
395 2860 628 2932 postulationibus,
649 2861 690 2915 cni
710 2860 783 2915 nullo
798 2876 861 2915 sanc
880 2860 962 2915 modo
976 2861 1138 2932 cohaerent,
1158 2879 1231 2934 quae
1253 2880 1301 2918 se-

164 2953 330 3023 qunnturin
355 2954 483 3010 bovarico
511 2954 582 3010 libro
608 2955 641 3010 de
665 2954 846 3027 proscriptis‚·
870 2955 896 3008 in
921 2955 1053 3010 saxonico
1071 2956 1105 3012 de
1119 2956 1301 3029 impuberum

145 3044 293 3116 doliolis?
322 3048 374 3103 nisi
392 3048 506 3103 forsitan
526 3049 667 3119 ingenioso
688 3049 773 3120 magis
794 3066 872 3120 quam
892 3065 959 3105 vere
980 3050 1110 3121 conjicias
1129 3051 1301 3122 querulantia

163 3138 276 3201 feminae
299 3141 490 3213 impetuositali
511 3143 686 3215 compositam
713 3160 771 3198 esse
797 3143 870 3198 canis
897 3144 1116 3216 mordacitatem,
1143 3145 1178 3202 de
1199 3163 1253 3218 qua
1273 3147 1301 3201 in

164 3233 337 3307 praecedenti
362 3236 425 3292 loco
451 3252 541 3292 sermo
563 3243 630 3292 crat.
670 3237 805 3307 Disjectae
825 3254 906 3308 vero,
932 3244 961 3293 ut
980 3238 1070 3310 prima
1087 3239 1158 3295 lucie
1179 3240 1300 3311 ridetur,

164 3328 198 3384 de
224 3328 382 3386 feminarum
407 3330 632 3403 postulationibus
661 3337 741 3387 uotae
772 3331 968 3402 elegantissima
999 3333 1164 3390 conueniens
1193 3335 1301 3390 eruitur

163 3422 255 3493 loeus,
273 3430 403 3480 revocata
423 3431 452 3479 ut
472 3440 487 3480 a
507 3442 550 3481 me
570 3425 668 3480 iactum
689 3431 738 3495 cst,
758 3426 879 3481 bavarici
899 3426 963 3482 libri
984 3435 1204 3498 argumentorum
1224 3429 1300 3486 serie

163 3517 278 3590 capitum
297 3517 461 3589 220-247‚
484 3518 517 3574 ad
537 3519 728 3590 praecedentia
748 3521 847 3593 capita,
872 3521 966 3593 quibus
987 3522 1153 3579 illustrandis
1172 3523 1199 3578 in
1221 3540 1300 3581 mar-

164 3612 229 3681 gine
249 3612 312 3667 olim
333 3609 543 3683 adjecta'crant.
949 3620 955 3627 '

239 3705 326 3778 ipsam
345 3706 441 3779 capitis
461 3706 516 3762 245
543 3707 666 3778 regulam
690 3724 769 3764 nemo
794 3710 880 3765 nescit
902 3711 1025 3766 haustam
1051 3727 1109 3767 esse
1134 3729 1170 3768 ex
1188 3713 1300 3787 Ulpiani

161 3786 354 3870 luscinii,
374 3801 434 3866 §.5
453 3801 488 3856 de
507 3802 677 3874 postulando,
697 3820 775 3874 quom
795 3804 883 3860 locum
904 3805 974 3860 idem
993 3805 1115 3862 forsitan·
1126 3823 1232 3878 scurra,
1254 3810 1300 3881 qui

163 3892 264 3963 ingenii
283 3893 368 3949 lusum
388 3895 512 3950 exercuit
532 3896 621 3968 cupite
641 3896 675 3952 de
693 3898 784 3967 judice
804 3914 888 3955 avaro
909 3899 976 3967 (90)
1003 3899 1037 3954 ad
1057 3903 1302 3959 suum-exornaait

163 4000 275 4056 morem,
294 3985 460 4043 historiolam
480 3989 593 4061 pingens
613 3991 862 4063 distinotins‘quam
880 3993 1029 4063 decentius,
1053 3994 1300 4053 inductis‘colori-

163 4079 226 4150 bus,
250 4095 317 4152 quos
342 4081 530 4152 aliquantulum
555 4101 618 4140 sane
645 4085 772 4141 fortiores
797 4089 959 4159 temperavit
985 4089 1127 4145 saxonicus
1143 4070 1324 4163 plagiator.'

161 4172 326 4235 Ecceeaim
343 4174 475 4246 integrum
494 4178 539 4232 hic
559 4185 699 4249 utrumque
723 4180 812 4236 locum
833 4183 985 4253 e-regione
1005 4184 1056 4239 sibi
1076 4186 1202 4257 positum,
1223 4202 1302 4257 quo-

161 4281 221 4324 rum
239 4269 369 4341 altorum,
385 4271 544 4329 saxonicum
564 4274 682 4343 seilicet,
705 4275 792 4330 statim
812 4276 905 4333 nativo
924 4293 974 4334 suo
995 4279 1091 4336 colore
1111 4295 1303 4351 recognosces

162 4359 315 4422 destitutum
333 4381 477 4439 apparere.
