2722 4898
570 339 784 405 412..

110 534 196 581 usum
224 533 280 597 pro
309 514 457 579 communi
486 511 665 576 Germaniae
694 513 761 595 jure
790 532 851 577 non
879 514 937 578 nisi
967 513 1098 595 scriptae
1124 514 1243 597 imperii

110 620 196 702 leges
219 618 323 681 baberi
346 619 587 696 consuevissent,
606 618 676 698 jura
700 626 797 681 autern
817 636 895 698 quae
918 637 958 680 ex
980 626 1083 681 terrae
1107 637 1243 683 consue-

112 723 212 786 tudine
240 723 361 804 propria
391 723 583 786 obtinuerant
608 722 639 783 in
663 721 923 802 jurisdictionibus
952 721 1033 784 unde
1063 722 1101 785 ad
1129 742 1244 787 summa

110 826 230 906 imperii
245 825 402 889 tribunalia
426 823 642 907 appellationes
661 824 872 906 reciperentur
890 826 977 890 novis
996 826 1129 889 stabilire
1152 828 1244 890 tabu-

110 930 147 992 lis
177 929 343 993 consultius
371 930 470 993 risum
499 937 597 1010 esset,
625 929 690 993 lieri
718 947 780 991 non
808 930 903 1010 potuit
931 930 1004 1010 quin
1026 947 1082 1010 per
1104 937 1243 993 cunctam

110 1032 337 1096 meridionalem
360 1030 551 1095 Germaniam
573 1034 604 1096 in
628 1033 856 1096 desuetudinem
880 1035 977 1097 onmis
1000 1033 1051 1106 illa
1073 1034 1243 1114 priscarum

110 1137 265 1200 literarum
288 1144 423 1200 vetustas
446 1137 550 1201 abiret.

646 1306 707 1378 V·

196 1447 286 1511 Hisce
309 1449 476 1511 summatim
498 1448 645 1530 expositis
667 1449 843 1528 priusquam
865 1466 968 1512 rerum
991 1467 1008 1512 a
1030 1466 1079 1511 me
1100 1448 1245 1530 proposi-

112 1558 206 1614 tarum
230 1551 484 1616 confirmationem
513 1553 677 1636 aggrediar
703 1569 801 1633 pauca
825 1552 868 1614 de
895 1553 1079 1633 antiquae
1101 1551 1245 1633 BaJ'ua-

111 1656 254 1719 riorum
272 1655 372 1739 legis
396 1658 654 1738 conceptione
675 1657 746 1719 rnihi
764 1656 989 1736 praemonenda
1008 1664 1085 1720 sunt.
1115 1653 1245 1717 Abunde

110 1759 303 1839 peritioribus
334 1761 440 1841 opinor
470 1760 659 1842 exploratum
690 1769 737 1823 est
768 1777 829 1823 non
861 1760 904 1822 ad
932 1762 1006 1823 artis
1035 1761 1160 1843 regulas
1189 1776 1245 1839 per

110 1861 197 1926 iocos
219 1870 287 1943 apte
308 1864 453 1945 disposita
477 1864 641 1945 antiquitus
660 1865 730 1946 jura
750 1865 900 1945 descripta
923 1882 1005 1944 esse,
1028 1864 1082 1926 sed
1102 1863 1153 1943 qui
1176 1881 1245 1924 rna-

106 1965 186 2047 joris
208 1968 293 2030 molis
310 1967 406 2031 libros
430 1969 467 2031 de
486 1968 556 2049 jure
579 1968 717 2031 scribere
735 1969 860 2048 primurn
884 1968 983 2032 adorti
1006 1974 1075 2031 sunt
1092 1975 1143 2030 aut
1165 1985 1246 2031 con-

112 2070 196 2132 tinuo
221 2088 418 2151 quaecunque
441 2071 497 2133 sibi
518 2072 684 2135 memoriae
702 2071 793 2153 digna
813 2072 1010 2155 emergebant
1031 2072 1063 2133 in
1086 2089 1245 2135 commen-

112 2173 206 2237 tarios
234 2191 307 2238 suos
336 2175 477 2237 retulisse
506 2182 557 2239 aut
589 2175 713 2256 scriptis
742 2175 863 2258 legibus
891 2193 947 2256 per
975 2176 1074 2256 capita
1102 2175 1244 2238 titulosve

113 2276 272 2340 adnotasse
303 2296 382 2358 quae
411 2279 575 2360 propositis
604 2278 696 2342 rebus
725 2297 765 2342 ex
795 2279 897 2361 aliqua
930 2280 1036 2343 saltern
1064 2285 1150 2361 parte
1183 2295 1246 2342 non

111 2398 236 2460 prorsus
266 2383 364 2444 aliena
392 2381 579 2446 viderentur.
626 2381 717 2463 Cujus
741 2379 866 2463 ‘quidem
895 2383 1091 2464 scriptionum
1121 2383 1245 2466 generis

113 2501 179 2546 cum
202 2485 259 2547 alia
282 2485 341 2549 alio
353 2479 433 2550 'loco
455 2487 593 2567 exempla
615 2485 808 2562 attulerim1)
825 2494 886 2550 tum
905 2487 1113 2550 notabiliorem
1130 2487 1161 2548 in
1179 2487 1246 2567 ipsa

112 2586 317 2668 Bajuariorum
340 2589 411 2672 lege
434 2591 567 2671 speciem
590 2589 791 2671 deprehendi,
819 2609 907 2670 quam
931 2591 1069 2672 exeeptis
1092 2589 1245 2671 prioribus

113 2690 228 2754 duobus
243 2690 336 2757 titulis
354 2692 543 2756 manifestum
562 2702 609 2757 ast
626 2693 664 2756 ad
680 2694 776 2774 pedes
794 2695 897 2774 sequi:
921 2694 1056 2775 „Legem
1071 2693 1137 2772 Dei,
1158 2711 1246 2772 quarn

112 2793 256 2860 Dominus
280 2796 318 2859 ad
339 2797 467 2880 Moysen
490 2797 605 2877 dedit”‚
634 2798 715 2876 sive,
744 2803 776 2862 ut
802 2817 882 2860 nunc
905 2798 1011 2862 vocari
1034 2797 1111 2859 solet
1140 2814 1246 2858 roma-

112 2916 216 2961 narum
239 2907 269 2961 et
286 2902 489 2964 mosaicarum
504 2902 606 2985 legum
626 2901 818 2964 collationem
829 2904 872 2975 ²).
906 2898 989 2962 Ecce
1003 2900 1146 2985 leguntur
1165 2901 1246 2963 enim

112 3010 179 3084 post
201 3001 409 3084 Bajuariorum
430 3005 509 3088 legis
531 3005 648 3068 titulos:

223 3146 245 3246 ‘s
353 3159 374 3223 1.
397 3161 460 3237 ,‚de
483 3142 708 3224 ecclesiasticis
730 3159 859 3234 rebus”;

338 3263 375 3328 11.
397 3265 459 3341 „de
482 3264 613 3328 ducibus
635 3271 665 3328 et
687 3283 793 3334 coram
815 3264 956 3337 cooaic'’;

114 3419 157 3481 ad
181 3436 420 3509 romanarum
447 3429 484 3484 et
505 3422 652 3484 mosai-

114 3540 242 3585 carum
270 3525 397 3606 legum
421 3524 651 3588 collationis

49 3635 50 3638 ’
114 3629 183 3698 (ex
205 3628 385 3690 editione
406 3627 581 3701 Pith'oei)
602 3628 655 3690 ti-

113 3729 217 3793 tulos
241 3731 292 3810 qui
314 3739 498 3812 sequuntur:
706 3731 743 3792 in
765 3730 1038 3813 Bajuariorum
1060 3729 1166 3812 lege:

116 3885 319 3895 ..μ-...ἡκκ-

192 3979 222 4048 1)
244 3983 350 4051 System
368 3999 392 4038 u.
408 3980 504 4039 Gesclr.
519 3982 566 4037 des
580 3981 663 4038 frana.
679 3999 704 4038 u.
719 3982 805 4037 rhein.
822 3981 990 4038 Civil-Proc.
1017 3980 1047 4036 B.
1061 3981 1082 4051 l,
1100 3978 1126 4036 S.
1139 3974 1173 4035 31
1188 3996 1247 4051 sqq.

191 4075 223 4143 2)
244 4066 391 4134 Mirandum
412 4085 452 4134 est
472 4079 545 4134 viros
566 4077 660 4133 doctos
680 4077 788 4133 latuisse
813 4077 881 4132 banc
907 4077 1044 4149 utriusque
1061 4063 1133 4144 legis
1154 4073 1246 4130 altini-

113 4177 211 4243 tatem‚
241 4189 318 4244 quam
349 4180 442 4245 aperte
470 4173 548 4244 Legis
577 4172 761 4244 bajuariorum
791 4172 925 4244 prologos
955 4171 1069 4243 indicat,
1100 4169 1246 4241 incipiens:

114 4267 237 4339 „Moyses
263 4269 350 4345 gentis
371 4270 460 4324 Hebre
487 4269 587 4340 primus
614 4265 730 4325 omnium
756 4267 859 4326 divinas
885 4268 961 4339 leges
981 4248 1068 4324 affl
1086 4263 1173 4321 literis
1194 4281 1247 4319 ex-

114 4361 254 4437 plicavit.''
289 4386 292 4390 ·
354 4395 361 4408 ι
