2722 4898
621 355 853 419 ..138-

172 532 352 613 adquisitum
382 531 479 608 dicat,
512 530 646 593 auctoris
679 531 711 590 in

167 637 219 717 jus
246 634 375 698 vocandi
402 640 504 715 portes
532 633 598 713 ejus
629 650 711 711 esse,

73 738 75 742 ”
173 739 224 818 qui
246 739 407 800 alienatam
430 737 477 799 rei
500 737 712 816 proprietatem

173 841 350 904 adversario
384 840 560 902 concedens
594 838 714 900 heneti-

173 945 299 1007 oiarium
319 951 434 1006 tantum
450 943 512 1024 jus,
537 943 713 1022 priusquam

173 1066 210 1111 ea
233 1047 377 1110 alienatio
394 1046 591 1126 processerit,
614 1045 712 1106 collo-

173 1157 233 1213 tum
256 1151 314 1214 sibi
337 1156 464 1213 asserat.

820 1235 879 1291 Art.
899 1233 1078 1304 86.1„Soer
1098 1249 1151 1306 epo
1170 1238 1226 1306 qut
1246 1248 1311 1303 pme

761 1330 871 1402 spricltt
893 1347 930 1385 zo
950 1329 1019 1386 tcoe.
1045 1327 1120 1383 uode
1140 1343 1194 1398 epo
1216 1326 1311 1382 ander

764 1425 873 1497 spricitt
891 1425 919 1479 is
939 1424 966 1479 si
984 1423 1030 1479 sio
1049 1422 1131 1496 cipeto
1151 1415 1239 1477 etc.”.·

820 1518 956 1575 Potiorcm
982 1517 1093 1586 heberi,
1120 1515 1166 1587 qni
1192 1514 1311 1591 tinorum

759 1613 857 1685 judicii
882 1628 1047 1669 assessorum
1072 1610 1227 1666 testimonio
1253 1609 1310 1664 do-

762 1708 869 1764 minium
888 1709 931 1765 rei
951 1707 1109 1779 adquisitum
1129 1706 1181 1761 sibi
1198 1705 1310 1777 probet,

763 1820 829 1876 proc
846 1818 881 1859 eo
897 1803 942 1874 qui
958 1801 1158 1858 beneficiarium
1178 1799 1207 1855 in
1224 1816 1258 1856 es
1278 1813 1310 1852 re

765 1898 816 1953 sibi
832 1898 878 1968 jus
899 1901 1050 1966 asseram).

234 1993 404 2049 Commodius
426 1992 605 2050 vindicantem
629 1993 714 2048 here·
817 1993 900 2063 „Erf
909 2009 997 2066 eppeo
1011 1999 1071 2047 mut
1087 1990 1161 2048 ouclt
1175 2006 1230 2062 epo
1242 2003 1311 2043 man

176 2089 273 2144 diteris
290 2105 367 2159 quom
388 2088 519 2158 adquisito
535 2090 605 2144 hone
623 2104 715 2143 coram
768 2087 888 2160 [suppiez
907 2086 966 2156 bat]
985 2086 1131 2154 behaldeo,
1152 2085 1228 2140 deon
1246 2085 1311 2155 [eyn

117 2178 120 2183 ’
172 2183 265 2252 judice
286 2182 409 2239 obtinere
421 2186 458 2251 ²).
767 2183 874 2251 ander]
900 2180 1019 2255 petoost
1046 2196 1135 2252 cypero
1160 2177 1234 2235 oder
1257 2194 1310 2250 pe-

766 2271 884 2347 pebeo.’'

235 2369 350 2452 Caput
366 2372 438 2436 220.
467 2372 538 2434 Post
557 2389 665 2452 annom
685 2378 715 2432 et
814 2368 890 2433 Art.
914 2369 966 2434 86.
1009 2366 1139 2445 „Sicelis
1166 2374 1224 2448 put
1253 2387 1311 2448 epm

177 2472 255 2534 diem
278 2493 363 2537 suum
389 2494 459 2538 esse
487 2481 641 2537 auctorem
666 2474 716 2552 qui
768 2493 838 2534 mco
867 2473 901 2535 io
929 2473 1016 2534 siner
1037 2491 1158 2552 poscere
1181 2471 1238 2533 liat
1260 2471 1313 2533 iar

176 2578 340 2657 possideat.
768 2577 845 2639 code
878 2577 950 2638 tacti
983 2595 1042 2638 one
1070 2574 1175 2648 recitte
1207 2573 1314 2637 toedet

767 2679 901 2760 sproctte
918 2680 989 2742 ·-.’'

615 2901 870 2976 xxxva.

461 3047 506 3120 m
538 3049 579 3120 ite
601 3047 632 3120 in
653 3048 803 3138 integrm
825 3047 1025 3122 restitutione.
1068 3123 1071 3128 ,

237 3188 354 3271 Caput
375 3190 438 3255 209
460 3204 484 3254 θ’
497 3193 616 3256 verbis:
644 3193 720 3271 „dic

179 3294 248 3357 teile
271 3295 374 3370 [aber]
404 3316 462 3378 epm
487 3315 559 3359 mon
585 3317 643 3378 epo
665 3286 721 3377 prit

178 3399 363 3478 appectapet
383 3419 442 3464 vor
462 3401 583 3480 peritate
601 3401 675 3461 -'’:

257 3603 288 3673 1)
314 3605 390 3661 Haud
412 3606 495 3661 minus
515 3606 675 3677 iniciioiton‘
694 3623 771 3677 quom
794 3609 821 3661 in
841 3604 1016 3678 praecedenti
1036 3605 1152 3660 articulo
1172 3619 1228 3660 non
1247 3616 1316 3676 per-

179 3705 274 3772 specto
286 3700 410 3757 beronici
426 3701 483 3756 ioci
496 3718 585 3771 sensu,
605 3702 649 3756 tric
665 3702 767 3772 ingenii
782 3702 868 3756 iusum
884 3700 1015 3756 exercuit
1026 3698 1168 3756 saxonicus
1188 3699 1318 3770 scriptor.

60 3804 62 3808 ⁴
178 3793 346 3869 Epitomstor
368 3797 436 3852 enim
458 3797 619 3852 contrahens
639 3796 762 3852 hererici
784 3795 880 3867 cepitis
900 3795 1004 3850 iinaiem
1025 3794 1184 3850 sententiam
1205 3794 1242 3848 de
1262 3793 1319 3848 do-

180 3890 252 3944 minii
273 3907 352 3946 causo
374 3890 496 3964 superius
517 3891 543 3946 in
564 3893 704 3965 synoptico
724 3891 814 3946 tsbuio
834 3890 946 3945 relatam
968 3897 995 3946 et
1011 3907 1078 3962 quse
1095 3889 1169 3962 prius
1190 3888 1227 3944 de
1248 3903 1321 3944 con-

179 3991 304 4041 troverso
319 3993 373 4040 tom
388 3986 497 4041 dominii
511 4003 588 4058 quarn
602 3987 724 4042 beneficii
737 3987 800 4056 jure
814 3985 885 4041 dicto
900 3991 986 4055 erent,
1006 4000 1104 4040 novom
1124 3983 1177 4039 sibi
1197 3983 1321 4054 speciem

179 4079 265 4150 tinxit,
285 4080 385 4136 docens
401 4082 552 4153 posthabito
572 4070 689 4137 motoris
710 4079 892 4137 nominatione
911 4097 946 4134 ex
965 4080 1029 4135 sotis
1047 4079 1222 4135 scabinorum
1239 4079 1321 4132 testi-

181 4176 275 4231 moniis
296 4176 470 4247 judicandum
496 4176 578 4233 tuisse
603 4178 673 4232 inter
694 4177 838 4247 petitorem
864 4181 891 4229 et
914 4192 990 4244 eum,
1015 4173 1060 4245 qni
1087 4173 1197 4228 dominii
1220 4173 1324 4227 nuliam

181 4288 291 4329 moveos
313 4273 496 4345 quaestionem
515 4272 640 4328 beneficii
660 4271 765 4327 nomine
786 4269 897 4326 eandem
918 4286 975 4326 rem
995 4269 1047 4324 sibi
1068 4269 1209 4324 assererit.
1268 4281 1273 4286 ·

259 4370 292 4438 2>
314 4369 427 4426 Scilicet
448 4381 527 4440 quum
546 4367 635 4423 nutius
655 4367 681 4422 in
701 4365 755 4421 iliis
775 4370 875 4425 suctor‘
891 4363 1038 4423 tondendus
1057 4364 1101 4422 sit.
