<?xml version="1.0" encoding="UTF-8"?>
<!DOCTYPE html PUBLIC "-//W3C//DTD XHTML 1.0 Transitional//EN"
    "http://www.w3.org/TR/xhtml1/DTD/xhtml1-transitional.dtd">
<html xmlns="http://www.w3.org/1999/xhtml" xml:lang="en" lang="en">
 <head>
  <title>
</title>
<meta http-equiv="Content-Type" content="text/html;charset=utf-8" />
  <meta name='ocr-system' content='tesseract 3.04.00' />
  <meta name='ocr-capabilities' content='ocr_page ocr_carea ocr_par ocr_line ocrx_word'/>
</head>
<body>
  <div class='ocr_page' id='page_1' title='image "./desaxonicispecu00danigoog_0146.png"; bbox 0 0 2722 4898; ppageno 0'>
   <div class='ocr_carea' id='block_1_1' title="bbox 496 352 732 415">
    <p class='ocr_par' dir='ltr' id='par_1_1' title="bbox 496 352 732 415">
     <span class='ocr_line' id='line_1_1' title="bbox 496 352 732 415; baseline 0.004 -1"><span class='ocrx_word' id='word_1_1' title='bbox 496 352 732 415; x_wconf 80' lang='grc'>-141-</span> 
     </span>
    </p>
   </div>
   <div class='ocr_carea' id='block_1_2' title="bbox 44 521 1189 3235">
    <p class='ocr_par' dir='ltr' id='par_1_2' title="bbox 44 521 1182 1071">
     <span class='ocr_line' id='line_1_2' title="bbox 101 521 1180 593; baseline 0.002 -15"><span class='ocrx_word' id='word_1_2' title='bbox 101 521 158 578; x_wconf 87' lang='lat' dir='ltr'><strong>Ubi</strong></span> <span class='ocrx_word' id='word_1_3' title='bbox 175 521 259 592; x_wconf 81' lang='lat' dir='ltr'><strong>judex</strong></span> <span class='ocrx_word' id='word_1_4' title='bbox 275 538 325 593; x_wconf 92' lang='lat' dir='ltr'><strong>per</strong></span> <span class='ocrx_word' id='word_1_5' title='bbox 341 522 415 578; x_wconf 87' lang='lat' dir='ltr'><strong>vicos</strong></span> <span class='ocrx_word' id='word_1_6' title='bbox 432 524 590 580; x_wconf 87' lang='lat' dir='ltr'><strong>constitutus</strong></span> <span class='ocrx_word' id='word_1_7' title='bbox 693 525 752 579; x_wconf 77' lang='lat' dir='ltr'><strong>Art</strong></span> <span class='ocrx_word' id='word_1_8' title='bbox 767 524 812 579; x_wconf 79' lang='lat'><strong>95.</strong></span> <span class='ocrx_word' id='word_1_9' title='bbox 836 524 938 592; x_wconf 77' lang='lat' dir='ltr'><strong>„Seuer</strong></span> <span class='ocrx_word' id='word_1_10' title='bbox 952 523 1180 580; x_wconf 75' lang='lat' dir='ltr'><strong>die-durmcister</strong></span> 
     </span>
     <span class='ocr_line' id='line_1_3' title="bbox 44 616 1182 688; baseline 0.002 -16"><span class='ocrx_word' id='word_1_11' title='bbox 44 617 94 685; x_wconf 90' lang='lat' dir='ltr'><strong>sit,</strong></span> <span class='ocrx_word' id='word_1_12' title='bbox 116 616 297 672; x_wconf 84' lang='lat' dir='ltr'><strong>custodienda</strong></span> <span class='ocrx_word' id='word_1_13' title='bbox 318 634 375 672; x_wconf 86' lang='lat' dir='ltr'><strong>osse</strong></span> <span class='ocrx_word' id='word_1_14' title='bbox 396 634 464 688; x_wconf 85' lang='lat' dir='ltr'><strong>quae</strong></span> <span class='ocrx_word' id='word_1_15' title='bbox 489 618 535 673; x_wconf 85' lang='lat' dir='ltr'><strong>iile</strong></span> <span class='ocrx_word' id='word_1_16' title='bbox 556 636 590 674; x_wconf 84' lang='lat' dir='ltr'><strong>ax</strong></span> <span class='ocrx_word' id='word_1_17' title='bbox 642 620 764 688; x_wconf 70' lang='lat' dir='ltr'><strong>scfcoffet</strong></span> <span class='ocrx_word' id='word_1_18' title='bbox 783 620 833 674; x_wconf 85' lang='lat' dir='ltr'><strong>des</strong></span> <span class='ocrx_word' id='word_1_19' title='bbox 851 618 974 688; x_wconf 83' lang='lat' dir='ltr'><strong>dorpfres</strong></span> <span class='ocrx_word' id='word_1_20' title='bbox 995 635 1112 674; x_wconf 79' lang='lat' dir='ltr'><strong>cremore</strong></span> <span class='ocrx_word' id='word_1_21' title='bbox 1130 620 1182 674; x_wconf 75' lang='lat' dir='ltr'><strong>erit</strong></span> 
     </span>
     <span class='ocr_line' id='line_1_4' title="bbox 46 709 1179 784; baseline 0.004 -19"><span class='ocrx_word' id='word_1_22' title='bbox 46 711 158 780; x_wconf 73' lang='lat' dir='ltr'><strong>rarioris</strong></span> <span class='ocrx_word' id='word_1_23' title='bbox 188 711 349 766; x_wconf 81' lang='lat' dir='ltr'><strong>rusticorum</strong></span> <span class='ocrx_word' id='word_1_24' title='bbox 377 713 460 783; x_wconf 83' lang='lat' dir='ltr'><strong>partis</strong></span> <span class='ocrx_word' id='word_1_25' title='bbox 489 712 590 783; x_wconf 86' lang='lat' dir='ltr'><strong>placito</strong></span> <span class='ocrx_word' id='word_1_26' title='bbox 641 712 799 769; x_wconf 75' lang='lat' dir='ltr'><strong>widccoreo</strong></span> <span class='ocrx_word' id='word_1_27' title='bbox 808 714 980 769; x_wconf 77' lang='lat' dir='ltr'><strong>derersrreu</strong></span> <span class='ocrx_word' id='word_1_28' title='bbox 990 709 1179 784; x_wconf 52' lang='lat' dir='ltr'><strong>mespres-P</strong></span> 
     </span>
     <span class='ocr_line' id='line_1_5' title="bbox 46 805 590 876; baseline 0.002 -17"><span class='ocrx_word' id='word_1_29' title='bbox 46 805 237 876; x_wconf 68' lang='lat' dir='ltr'><strong>praeceperit,</strong></span> <span class='ocrx_word' id='word_1_30' title='bbox 263 822 314 861; x_wconf 89' lang='lat' dir='ltr'><strong>nec</strong></span> <span class='ocrx_word' id='word_1_31' title='bbox 339 807 440 862; x_wconf 88' lang='lat' dir='ltr'><strong>attendi</strong></span> <span class='ocrx_word' id='word_1_32' title='bbox 459 806 590 863; x_wconf 85' lang='lat' dir='ltr'><strong>minorem</strong></span> 
     </span>
     <span class='ocr_line' id='line_1_6' title="bbox 49 899 591 972; baseline 0.006 -19"><span class='ocrx_word' id='word_1_33' title='bbox 49 899 211 955; x_wconf 84' lang='lat' dir='ltr'><strong>rusticorum</strong></span> <span class='ocrx_word' id='word_1_34' title='bbox 253 906 359 972; x_wconf 79' lang='lat' dir='ltr'><strong>partein</strong></span> <span class='ocrx_word' id='word_1_35' title='bbox 403 901 591 957; x_wconf 74' lang='lat' dir='ltr'><strong>contradicere</strong></span> 
     </span>
     <span class='ocr_line' id='line_1_7' title="bbox 52 994 709 1071; baseline -0.009 -23"><span class='ocrx_word' id='word_1_36' title='bbox 52 994 195 1049; x_wconf 85' lang='lat' dir='ltr'><strong>volentem.</strong></span> <span class='ocrx_word' id='word_1_37' title='bbox 707 1068 709 1071; x_wconf 22' lang='grc' dir='ltr'>Ι</span> 
     </span>
    </p>

    <p class='ocr_par' dir='ltr' id='par_1_3' title="bbox 55 1087 1180 1446">
     <span class='ocr_line' id='line_1_8' title="bbox 108 1087 1180 1163; baseline 0.005 -20"><span class='ocrx_word' id='word_1_38' title='bbox 108 1087 233 1160; x_wconf 86' lang='lat' dir='ltr'><strong>Caput</strong></span> <span class='ocrx_word' id='word_1_39' title='bbox 258 1087 323 1145; x_wconf 85' lang='grc'>215.</span> <span class='ocrx_word' id='word_1_40' title='bbox 364 1089 403 1144; x_wconf 79' lang='lat' dir='ltr'><strong>ue</strong></span> <span class='ocrx_word' id='word_1_41' title='bbox 431 1090 591 1160; x_wconf 77' lang='lat' dir='ltr'><strong>aggeribus,</strong></span> <span class='ocrx_word' id='word_1_42' title='bbox 693 1089 820 1158; x_wconf 65' lang='lat' dir='ltr'><strong>„rectus</strong></span> <span class='ocrx_word' id='word_1_43' title='bbox 838 1092 929 1163; x_wconf 82' lang='lat' dir='ltr'><strong>dorpb</strong></span> <span class='ocrx_word' id='word_1_44' title='bbox 946 1091 974 1147; x_wconf 82' lang='lat' dir='ltr'><strong>bt</strong></span> <span class='ocrx_word' id='word_1_45' title='bbox 989 1109 1117 1148; x_wconf 78' lang='lat' dir='ltr'><strong>cessere</strong></span> <span class='ocrx_word' id='word_1_46' title='bbox 1135 1093 1180 1148; x_wconf 83' lang='lat' dir='ltr'><strong>fc·</strong></span> 
     </span>
     <span class='ocr_line' id='line_1_9' title="bbox 55 1179 777 1257; baseline 0 -18"><span class='ocrx_word' id='word_1_47' title='bbox 55 1199 85 1239; x_wconf 89' lang='lat' dir='ltr'><strong>ne</strong></span> <span class='ocrx_word' id='word_1_48' title='bbox 110 1182 270 1238; x_wconf 86' lang='lat' dir='ltr'><strong>inundentur</strong></span> <span class='ocrx_word' id='word_1_49' title='bbox 301 1183 376 1254; x_wconf 80' lang='lat' dir='ltr'><strong>agri,</strong></span> <span class='ocrx_word' id='word_1_50' title='bbox 409 1184 591 1239; x_wconf 84' lang='lat' dir='ltr'><strong>communibus</strong></span> <span class='ocrx_word' id='word_1_51' title='bbox 643 1200 698 1257; x_wconf 77' lang='lat' dir='ltr'><strong>perr</strong></span> <span class='ocrx_word' id='word_1_52' title='bbox 712 1179 777 1240; x_wconf 86' lang='lat'><strong><em>-.’&#39;</em></strong></span> 
     </span>
     <span class='ocr_line' id='line_1_10' title="bbox 56 1277 591 1350; baseline 0 -18"><span class='ocrx_word' id='word_1_53' title='bbox 56 1277 199 1332; x_wconf 85' lang='lat' dir='ltr'><strong>uicinorum</strong></span> <span class='ocrx_word' id='word_1_54' title='bbox 219 1278 368 1350; x_wconf 73' lang='lat' dir='ltr'><strong>sumptibus</strong></span> <span class='ocrx_word' id='word_1_55' title='bbox 388 1284 442 1333; x_wconf 89' lang='lat' dir='ltr'><strong>tarn</strong></span> <span class='ocrx_word' id='word_1_56' title='bbox 462 1278 591 1334; x_wconf 87' lang='lat' dir='ltr'><strong>faciendis</strong></span> 
     </span>
     <span class='ocr_line' id='line_1_11' title="bbox 59 1369 312 1446; baseline 0 -19"><span class='ocrx_word' id='word_1_57' title='bbox 59 1389 131 1446; x_wconf 81' lang='lat' dir='ltr'><strong>quern</strong></span> <span class='ocrx_word' id='word_1_58' title='bbox 150 1369 312 1427; x_wconf 87' lang='lat' dir='ltr'><strong>reficiendis.</strong></span> 
     </span>
    </p>

    <p class='ocr_par' dir='ltr' id='par_1_4' title="bbox 61 1463 591 1712">
     <span class='ocr_line' id='line_1_12' title="bbox 111 1463 591 1539; baseline 0.002 -18"><span class='ocrx_word' id='word_1_59' title='bbox 111 1465 232 1537; x_wconf 77' lang='lat' dir='ltr'><strong>caput</strong></span> <span class='ocrx_word' id='word_1_60' title='bbox 262 1463 319 1522; x_wconf 84' lang='grc'><strong>216</strong></span> <span class='ocrx_word' id='word_1_61' title='bbox 350 1467 383 1522; x_wconf 94' lang='lat' dir='ltr'><strong>ad</strong></span> <span class='ocrx_word' id='word_1_62' title='bbox 413 1466 509 1539; x_wconf 90' lang='lat' dir='ltr'><strong>capitis</strong></span> <span class='ocrx_word' id='word_1_63' title='bbox 535 1468 591 1523; x_wconf 88' lang='grc'><strong>209</strong></span> 
     </span>
     <span class='ocr_line' id='line_1_13' title="bbox 61 1561 591 1635; baseline 0.006 -19"><span class='ocrx_word' id='word_1_64' title='bbox 61 1562 151 1617; x_wconf 81' lang='lat' dir='ltr'><strong>uerba:</strong></span> <span class='ocrx_word' id='word_1_65' title='bbox 177 1561 251 1629; x_wconf 82' lang='lat' dir='ltr'><strong>„der</strong></span> <span class='ocrx_word' id='word_1_66' title='bbox 271 1561 321 1617; x_wconf 83' lang='lat' dir='ltr'><strong>tot</strong></span> <span class='ocrx_word' id='word_1_67' title='bbox 342 1561 397 1618; x_wconf 82' lang='lat' dir='ltr'><strong>eis</strong></span> <span class='ocrx_word' id='word_1_68' title='bbox 417 1562 518 1619; x_wconf 82' lang='lat' dir='ltr'><strong>redte</strong></span> <span class='ocrx_word' id='word_1_69' title='bbox 537 1580 591 1635; x_wconf 78' lang='lat' dir='ltr'><strong>pe·</strong></span> 
     </span>
     <span class='ocr_line' id='line_1_14' title="bbox 61 1651 273 1712; baseline -0.009 0"><span class='ocrx_word' id='word_1_70' title='bbox 61 1673 110 1712; x_wconf 82' lang='lat' dir='ltr'><strong>uer</strong></span> <span class='ocrx_word' id='word_1_71' title='bbox 129 1657 185 1712; x_wconf 87' lang='lat' dir='ltr'><strong>dur</strong></span> <span class='ocrx_word' id='word_1_72' title='bbox 203 1651 273 1711; x_wconf 84' lang='lat' dir='ltr'><strong>ao”.·</strong></span> 
     </span>
    </p>

    <p class='ocr_par' dir='ltr' id='par_1_5' title="bbox 64 1742 1188 2373">
     <span class='ocr_line' id='line_1_15' title="bbox 112 1742 1188 1824; baseline 0.002 -19"><span class='ocrx_word' id='word_1_73' title='bbox 112 1750 170 1806; x_wconf 83' lang='lat' dir='ltr'><strong>Non</strong></span> <span class='ocrx_word' id='word_1_74' title='bbox 183 1742 370 1822; x_wconf 79' lang='lat' dir='ltr'><strong>&#39;proprietatis</strong></span> <span class='ocrx_word' id='word_1_75' title='bbox 395 1749 503 1805; x_wconf 86' lang='lat' dir='ltr'><strong>domino</strong></span> <span class='ocrx_word' id='word_1_76' title='bbox 532 1750 592 1807; x_wconf 89' lang='lat' dir='ltr'><strong>eive</strong></span> <span class='ocrx_word' id='word_1_77' title='bbox 695 1756 754 1807; x_wconf 82' lang='lat' dir='ltr'><strong>Art.</strong></span> <span class='ocrx_word' id='word_1_78' title='bbox 767 1751 812 1806; x_wconf 81' lang='lat'><strong>96.</strong></span> <span class='ocrx_word' id='word_1_79' title='bbox 830 1750 889 1820; x_wconf 77' lang='lat' dir='ltr'><strong>„Ar</strong></span> <span class='ocrx_word' id='word_1_80' title='bbox 899 1752 925 1807; x_wconf 87' lang='lat' dir='ltr'><strong>si</strong></span> <span class='ocrx_word' id='word_1_81' title='bbox 939 1759 1053 1823; x_wconf 70' lang='lat' dir='ltr'><strong>eynput</strong></span> <span class='ocrx_word' id='word_1_82' title='bbox 1065 1753 1188 1824; x_wconf 73' lang='lat' dir='ltr'><strong>menipis.</strong></span> 
     </span>
     <span class='ocr_line' id='line_1_16' title="bbox 64 1843 1186 1918; baseline 0.001 -19"><span class='ocrx_word' id='word_1_83' title='bbox 64 1846 103 1917; x_wconf 84' lang='lat' dir='ltr'><strong>qui</strong></span> <span class='ocrx_word' id='word_1_84' title='bbox 121 1845 204 1901; x_wconf 88' lang='lat' dir='ltr'><strong>nudae</strong></span> <span class='ocrx_word' id='word_1_85' title='bbox 225 1849 326 1900; x_wconf 87' lang='lat' dir='ltr'><strong>tantum</strong></span> <span class='ocrx_word' id='word_1_86' title='bbox 343 1843 519 1918; x_wconf 80' lang='lat' dir='ltr'><strong>proprietatis</strong></span> <span class='ocrx_word' id='word_1_87' title='bbox 539 1861 592 1901; x_wconf 93' lang='lat' dir='ltr'><strong>no·</strong></span> <span class='ocrx_word' id='word_1_88' title='bbox 645 1847 765 1901; x_wconf 80' lang='lat' dir='ltr'><strong>mannis.</strong></span> <span class='ocrx_word' id='word_1_89' title='bbox 796 1847 858 1901; x_wconf 82' lang='lat' dir='ltr'><strong>uiso</strong></span> <span class='ocrx_word' id='word_1_90' title='bbox 884 1847 940 1901; x_wconf 76' lang='lat' dir='ltr'><strong>des</strong></span> <span class='ocrx_word' id='word_1_91' title='bbox 964 1846 993 1899; x_wconf 78' lang='lat' dir='ltr'><strong>iu</strong></span> <span class='ocrx_word' id='word_1_92' title='bbox 1018 1860 1103 1916; x_wconf 73' lang='lat' dir='ltr'><strong>cynos</strong></span> <span class='ocrx_word' id='word_1_93' title='bbox 1129 1860 1186 1900; x_wconf 80' lang='lat' dir='ltr'><strong>ooo</strong></span> 
     </span>
     <span class='ocr_line' id='line_1_17' title="bbox 64 1934 1042 2010; baseline 0.001 -16"><span class='ocrx_word' id='word_1_94' title='bbox 64 1939 125 1996; x_wconf 88' lang='lat' dir='ltr'><strong>nine</strong></span> <span class='ocrx_word' id='word_1_95' title='bbox 160 1939 201 1995; x_wconf 89' lang='lat' dir='ltr'><strong>rei</strong></span> <span class='ocrx_word' id='word_1_96' title='bbox 239 1953 381 2010; x_wconf 85' lang='lat' dir='ltr'><strong>possessor</strong></span> <span class='ocrx_word' id='word_1_97' title='bbox 424 1938 593 1995; x_wconf 85' lang='lat' dir='ltr'><strong>existimetur</strong></span> <span class='ocrx_word' id='word_1_98' title='bbox 647 1942 732 1998; x_wconf 84' lang='lat' dir='ltr'><strong>deme</strong></span> <span class='ocrx_word' id='word_1_99' title='bbox 746 1942 871 1996; x_wconf 80' lang='lat' dir='ltr'><strong>anderes</strong></span> <span class='ocrx_word' id='word_1_100' title='bbox 891 1934 1042 2001; x_wconf 59' lang='lat' dir='ltr'><strong>freberff&#39;</strong></span> 
     </span>
     <span class='ocr_line' id='line_1_18' title="bbox 64 2031 595 2104; baseline 0.006 -16"><span class='ocrx_word' id='word_1_101' title='bbox 64 2033 148 2090; x_wconf 83' lang='lat' dir='ltr'><strong>druna</strong></span> <span class='ocrx_word' id='word_1_102' title='bbox 161 2034 190 2091; x_wconf 91' lang='lat' dir='ltr'><strong>in</strong></span> <span class='ocrx_word' id='word_1_103' title='bbox 206 2032 280 2104; x_wconf 81' lang='lat' dir='ltr'><strong>agris</strong></span> <span class='ocrx_word' id='word_1_104' title='bbox 294 2033 356 2089; x_wconf 85' lang='lat' dir='ltr'><strong>date</strong></span> <span class='ocrx_word' id='word_1_105' title='bbox 369 2031 509 2090; x_wconf 87' lang='lat' dir='ltr'><strong>sarcienda</strong></span> <span class='ocrx_word' id='word_1_106' title='bbox 524 2051 595 2104; x_wconf 84' lang='lat' dir='ltr'><strong>esse,</strong></span> 
     </span>
     <span class='ocr_line' id='line_1_19' title="bbox 65 2127 595 2200; baseline 0.004 -18"><span class='ocrx_word' id='word_1_107' title='bbox 65 2127 106 2182; x_wconf 84' lang='lat' dir='ltr'><strong>scd</strong></span> <span class='ocrx_word' id='word_1_108' title='bbox 127 2127 152 2183; x_wconf 89' lang='lat' dir='ltr'><strong>ei</strong></span> <span class='ocrx_word' id='word_1_109' title='bbox 171 2127 217 2199; x_wconf 88' lang='lat' dir='ltr'><strong>qui</strong></span> <span class='ocrx_word' id='word_1_110' title='bbox 238 2127 281 2183; x_wconf 85' lang='lat' dir='ltr'><strong>vai</strong></span> <span class='ocrx_word' id='word_1_111' title='bbox 301 2127 381 2200; x_wconf 82' lang='lat' dir='ltr'><strong>pleno</strong></span> <span class='ocrx_word' id='word_1_112' title='bbox 403 2127 513 2189; x_wconf 76' lang='lat' dir='ltr'><strong>dominii</strong></span> <span class='ocrx_word' id='word_1_113' title='bbox 531 2129 595 2199; x_wconf 81' lang='lat' dir='ltr'><strong>jure</strong></span> 
     </span>
     <span class='ocr_line' id='line_1_20' title="bbox 64 2220 594 2295; baseline 0.008 -20"><span class='ocrx_word' id='word_1_114' title='bbox 64 2220 103 2276; x_wconf 84' lang='lat' dir='ltr'><strong>rei</strong></span> <span class='ocrx_word' id='word_1_115' title='bbox 118 2221 253 2277; x_wconf 83' lang='lat' dir='ltr'><strong>fructuum</strong></span> <span class='ocrx_word' id='word_1_116' title='bbox 276 2227 377 2279; x_wconf 66' lang='lat' dir='ltr'><strong>udum</strong></span> <span class='ocrx_word' id='word_1_117' title='bbox 400 2221 594 2295; x_wconf 87' lang='lat' dir='ltr'><strong>percipiendo-</strong></span> 
     </span>
     <span class='ocr_line' id='line_1_21' title="bbox 65 2298 410 2373; baseline 0.006 -2"><span class='ocrx_word' id='word_1_118' title='bbox 65 2331 115 2371; x_wconf 88' lang='lat' dir='ltr'><strong>rnrn</strong></span> <span class='ocrx_word' id='word_1_119' title='bbox 134 2332 212 2372; x_wconf 88' lang='lat' dir='ltr'><strong>causa</strong></span> <span class='ocrx_word' id='word_1_120' title='bbox 227 2298 291 2370; x_wconf 41' lang='lat' dir='ltr'><strong>&#39;reru</strong></span> <span class='ocrx_word' id='word_1_121' title='bbox 310 2321 410 2373; x_wconf 81' lang='lat' dir='ltr'><strong>tenent.</strong></span> 
     </span>
    </p>

    <p class='ocr_par' dir='ltr' id='par_1_6' title="bbox 66 2409 597 2674">
     <span class='ocr_line' id='line_1_22' title="bbox 115 2409 595 2484; baseline 0.002 -19"><span class='ocrx_word' id='word_1_122' title='bbox 115 2409 238 2484; x_wconf 74' lang='lat' dir='ltr'><strong>Caput</strong></span> <span class='ocrx_word' id='word_1_123' title='bbox 261 2409 319 2467; x_wconf 75' lang='lat' dir='ltr'><strong>etr</strong></span> <span class='ocrx_word' id='word_1_124' title='bbox 344 2411 379 2467; x_wconf 87' lang='lat' dir='ltr'><strong>ad</strong></span> <span class='ocrx_word' id='word_1_125' title='bbox 409 2410 595 2483; x_wconf 74' lang='lat' dir='ltr'><strong>praecedentis</strong></span> 
     </span>
     <span class='ocr_line' id='line_1_23' title="bbox 66 2504 597 2576; baseline 0.009 -19"><span class='ocrx_word' id='word_1_126' title='bbox 66 2504 151 2576; x_wconf 76' lang='lat' dir='ltr'><strong>cepitis</strong></span> <span class='ocrx_word' id='word_1_127' title='bbox 170 2505 269 2562; x_wconf 87' lang='lat' dir='ltr'><strong>uerba:</strong></span> <span class='ocrx_word' id='word_1_128' title='bbox 294 2506 372 2575; x_wconf 79' lang='lat' dir='ltr'><strong>„dus</strong></span> <span class='ocrx_word' id='word_1_129' title='bbox 394 2522 426 2562; x_wconf 80' lang='lat' dir='ltr'><strong>er</strong></span> <span class='ocrx_word' id='word_1_130' title='bbox 445 2506 495 2561; x_wconf 81' lang='lat' dir='ltr'><strong>urit</strong></span> <span class='ocrx_word' id='word_1_131' title='bbox 514 2515 597 2562; x_wconf 77' lang='lat' dir='ltr'><strong>estse</strong></span> 
     </span>
     <span class='ocr_line' id='line_1_24' title="bbox 67 2595 484 2674; baseline 0.005 -22"><span class='ocrx_word' id='word_1_132' title='bbox 67 2597 274 2656; x_wconf 80' lang='lat' dir='ltr'><strong>iuledecb&#39;cbcr</strong></span> <span class='ocrx_word' id='word_1_133' title='bbox 292 2617 384 2674; x_wconf 76' lang='lat' dir='ltr'><strong>power</strong></span> <span class='ocrx_word' id='word_1_134' title='bbox 404 2595 484 2656; x_wconf 86' lang='lat' dir='ltr'><strong>itot’&#39;:</strong></span> 
     </span>
    </p>

    <p class='ocr_par' dir='ltr' id='par_1_7' title="bbox 67 2693 1189 3235">
     <span class='ocr_line' id='line_1_25' title="bbox 115 2693 1187 2766; baseline 0.002 -18"><span class='ocrx_word' id='word_1_135' title='bbox 115 2693 223 2749; x_wconf 78' lang='lat' dir='ltr'><strong>Fructus</strong></span> <span class='ocrx_word' id='word_1_136' title='bbox 252 2693 363 2764; x_wconf 79' lang='lat' dir='ltr'><strong>civiles,</strong></span> <span class='ocrx_word' id='word_1_137' title='bbox 396 2709 508 2766; x_wconf 88' lang='lat' dir='ltr'><strong>quorum</strong></span> <span class='ocrx_word' id='word_1_138' title='bbox 539 2693 600 2750; x_wconf 87' lang='lat' dir='ltr'><strong>dies·</strong></span> <span class='ocrx_word' id='word_1_139' title='bbox 703 2693 768 2763; x_wconf 79' lang='lat' dir='ltr'><strong>„Au</strong></span> <span class='ocrx_word' id='word_1_140' title='bbox 796 2695 841 2750; x_wconf 79' lang='lat' dir='ltr'><strong>die</strong></span> <span class='ocrx_word' id='word_1_141' title='bbox 870 2710 937 2748; x_wconf 81' lang='lat' dir='ltr'><strong>mac</strong></span> <span class='ocrx_word' id='word_1_142' title='bbox 965 2694 1082 2750; x_wconf 80' lang='lat' dir='ltr'><strong>nicheoe</strong></span> <span class='ocrx_word' id='word_1_143' title='bbox 1108 2696 1187 2750; x_wconf 83' lang='lat' dir='ltr'><strong>ichen</strong></span> 
     </span>
     <span class='ocr_line' id='line_1_26' title="bbox 67 2783 1187 2860; baseline 0.001 -19"><span class='ocrx_word' id='word_1_144' title='bbox 67 2787 172 2844; x_wconf 86' lang='lat' dir='ltr'><strong>noudum</strong></span> <span class='ocrx_word' id='word_1_145' title='bbox 190 2787 298 2845; x_wconf 85' lang='lat' dir='ltr'><strong>venerit</strong></span> <span class='ocrx_word' id='word_1_146' title='bbox 317 2787 351 2843; x_wconf 94' lang='lat' dir='ltr'><strong>ad</strong></span> <span class='ocrx_word' id='word_1_147' title='bbox 372 2787 486 2843; x_wconf 88' lang='lat' dir='ltr'><strong>heredes</strong></span> <span class='ocrx_word' id='word_1_148' title='bbox 505 2788 595 2860; x_wconf 90' lang='lat' dir='ltr'><strong>perti·</strong></span> <span class='ocrx_word' id='word_1_149' title='bbox 649 2787 733 2843; x_wconf 78' lang='lat' dir='ltr'><strong>erden</strong></span> <span class='ocrx_word' id='word_1_150' title='bbox 752 2804 787 2843; x_wconf 83' lang='lat' dir='ltr'><strong>oe</strong></span> <span class='ocrx_word' id='word_1_151' title='bbox 806 2787 857 2843; x_wconf 83' lang='lat' dir='ltr'><strong>bct</strong></span> <span class='ocrx_word' id='word_1_152' title='bbox 876 2803 914 2842; x_wconf 87' lang='lat' dir='ltr'><strong>uo</strong></span> <span class='ocrx_word' id='word_1_153' title='bbox 935 2783 1004 2844; x_wconf 81' lang='lat' dir='ltr'><strong>sime</strong></span> <span class='ocrx_word' id='word_1_154' title='bbox 1021 2789 1093 2844; x_wconf 85' lang='lat' dir='ltr'><strong>todo.</strong></span> <span class='ocrx_word' id='word_1_155' title='bbox 1115 2805 1187 2843; x_wconf 81' lang='lat' dir='ltr'><strong>ruer</strong></span> 
     </span>
     <span class='ocr_line' id='line_1_27' title="bbox 67 2880 1189 2953; baseline 0.001 -18"><span class='ocrx_word' id='word_1_156' title='bbox 67 2898 134 2953; x_wconf 84' lang='lat' dir='ltr'><strong>rere,</strong></span> <span class='ocrx_word' id='word_1_157' title='bbox 152 2881 203 2938; x_wconf 93' lang='lat' dir='ltr'><strong>nisi</strong></span> <span class='ocrx_word' id='word_1_158' title='bbox 220 2880 417 2938; x_wconf 70' lang='lat' dir='ltr'><strong>usubuc&#39;tusrio</strong></span> <span class='ocrx_word' id='word_1_159' title='bbox 427 2883 490 2953; x_wconf 84' lang='lat' dir='ltr'><strong>jure</strong></span> <span class='ocrx_word' id='word_1_160' title='bbox 503 2889 596 2938; x_wconf 87' lang='lat' dir='ltr'><strong>tenens</strong></span> <span class='ocrx_word' id='word_1_161' title='bbox 648 2882 693 2937; x_wconf 81' lang='lat' dir='ltr'><strong>siu</strong></span> <span class='ocrx_word' id='word_1_162' title='bbox 713 2880 778 2938; x_wconf 83' lang='lat' dir='ltr'><strong>erbe</strong></span> <span class='ocrx_word' id='word_1_163' title='bbox 798 2881 823 2936; x_wconf 87' lang='lat' dir='ltr'><strong>is</strong></span> <span class='ocrx_word' id='word_1_164' title='bbox 843 2899 882 2937; x_wconf 84' lang='lat' dir='ltr'><strong>ue</strong></span> <span class='ocrx_word' id='word_1_165' title='bbox 902 2881 1049 2938; x_wconf 78' lang='lat' dir='ltr'><strong>Icutrehtc.</strong></span> <span class='ocrx_word' id='word_1_166' title='bbox 1072 2883 1123 2937; x_wconf 87' lang='lat' dir='ltr'><strong>der</strong></span> <span class='ocrx_word' id='word_1_167' title='bbox 1143 2882 1189 2937; x_wconf 86' lang='lat' dir='ltr'><strong>sol</strong></span> 
     </span>
     <span class='ocr_line' id='line_1_28' title="bbox 68 2975 1186 3050; baseline 0.002 -20"><span class='ocrx_word' id='word_1_168' title='bbox 68 2975 169 3032; x_wconf 86' lang='lat' dir='ltr'><strong>heredes</strong></span> <span class='ocrx_word' id='word_1_169' title='bbox 189 2977 344 3050; x_wconf 78' lang='lat' dir='ltr'><strong>reliquerit,</strong></span> <span class='ocrx_word' id='word_1_170' title='bbox 369 2976 402 3032; x_wconf 88' lang='lat' dir='ltr'><strong>ad</strong></span> <span class='ocrx_word' id='word_1_171' title='bbox 422 2992 488 3048; x_wconf 87' lang='lat' dir='ltr'><strong>quos</strong></span> <span class='ocrx_word' id='word_1_172' title='bbox 508 2977 595 3032; x_wconf 90' lang='lat' dir='ltr'><strong>bene·</strong></span> <span class='ocrx_word' id='word_1_173' title='bbox 647 2993 744 3032; x_wconf 78' lang='lat' dir='ltr'><strong>nemen</strong></span> <span class='ocrx_word' id='word_1_174' title='bbox 763 2976 809 3031; x_wconf 81' lang='lat' dir='ltr'><strong>sio</strong></span> <span class='ocrx_word' id='word_1_175' title='bbox 822 2976 986 3034; x_wconf 82' lang='lat' dir='ltr'><strong>oirdieuedc</strong></span> <span class='ocrx_word' id='word_1_176' title='bbox 998 2985 1050 3050; x_wconf 72' lang='lat' dir='ltr'><strong>pot</strong></span> <span class='ocrx_word' id='word_1_177' title='bbox 1065 2977 1095 3032; x_wconf 83' lang='lat' dir='ltr'><strong>io</strong></span> <span class='ocrx_word' id='word_1_178' title='bbox 1109 2976 1186 3032; x_wconf 84' lang='lat' dir='ltr'><strong>deme</strong></span> 
     </span>
     <span class='ocr_line' id='line_1_29' title="bbox 68 3066 777 3149; baseline 0.001 -25"><span class='ocrx_word' id='word_1_179' title='bbox 68 3069 113 3125; x_wconf 87' lang='lat' dir='ltr'><strong>ficii</strong></span> <span class='ocrx_word' id='word_1_180' title='bbox 131 3071 236 3127; x_wconf 86' lang='lat' dir='ltr'><strong>nomine</strong></span> <span class='ocrx_word' id='word_1_181' title='bbox 257 3071 377 3142; x_wconf 86' lang='lat' dir='ltr'><strong>ejusdcm</strong></span> <span class='ocrx_word' id='word_1_182' title='bbox 400 3071 440 3127; x_wconf 91' lang='lat' dir='ltr'><strong>rei</strong></span> <span class='ocrx_word' id='word_1_183' title='bbox 461 3070 596 3126; x_wconf 79' lang='lat' dir='ltr'><strong>successio</strong></span> <span class='ocrx_word' id='word_1_184' title='bbox 648 3066 777 3149; x_wconf 6' lang='lat' dir='ltr'><strong>ferre&#39;&#39;w¹).</strong></span> 
     </span>
     <span class='ocr_line' id='line_1_30' title="bbox 68 3164 198 3235; baseline 0.023 -17"><span class='ocrx_word' id='word_1_185' title='bbox 68 3164 198 3235; x_wconf 80' lang='lat' dir='ltr'><strong>pertineat.</strong></span> 
     </span>
    </p>
   </div>
   <div class='ocr_carea' id='block_1_3' title="bbox 73 3309 264 3319">
    <p class='ocr_par' dir='ltr' id='par_1_8' title="bbox 73 3309 264 3319">
     <span class='ocr_line' id='line_1_31' title="bbox 73 3309 264 3319; baseline -0.005 0"><span class='ocrx_word' id='word_1_186' title='bbox 73 3309 264 3319; x_wconf 60' lang='lat'><strong>¹———⁴</strong></span> 
     </span>
    </p>
   </div>
   <div class='ocr_carea' id='block_1_4' title="bbox 10 3394 1189 4409">
    <p class='ocr_par' dir='ltr' id='par_1_9' title="bbox 10 3394 1189 4409">
     <span class='ocr_line' id='line_1_32' title="bbox 136 3394 1189 3468; baseline 0.002 -18"><span class='ocrx_word' id='word_1_187' title='bbox 136 3395 166 3466; x_wconf 87' lang='lat' dir='ltr'><strong>i)</strong></span> <span class='ocrx_word' id='word_1_188' title='bbox 186 3396 324 3453; x_wconf 67' lang='lat' dir='ltr'><strong>{sufferte</strong></span> <span class='ocrx_word' id='word_1_189' title='bbox 343 3395 388 3453; x_wconf 90' lang='lat' dir='ltr'><strong>hio</strong></span> <span class='ocrx_word' id='word_1_190' title='bbox 409 3403 483 3463; x_wconf 82' lang='lat' dir='ltr'><strong>erret</strong></span> <span class='ocrx_word' id='word_1_191' title='bbox 503 3395 646 3452; x_wconf 83' lang='lat' dir='ltr'><strong>saxonicus</strong></span> <span class='ocrx_word' id='word_1_192' title='bbox 666 3395 795 3468; x_wconf 89' lang='lat' dir='ltr'><strong>scriptor,</strong></span> <span class='ocrx_word' id='word_1_193' title='bbox 816 3394 966 3451; x_wconf 83' lang='lat' dir='ltr'><strong>versionem</strong></span> <span class='ocrx_word' id='word_1_194' title='bbox 982 3395 1104 3452; x_wconf 87' lang='lat' dir='ltr'><strong>bavarici</strong></span> <span class='ocrx_word' id='word_1_195' title='bbox 1124 3396 1189 3452; x_wconf 90' lang='lat' dir='ltr'><strong>libri</strong></span> 
     </span>
     <span class='ocr_line' id='line_1_33' title="bbox 67 3488 1187 3563; baseline 0.002 -19"><span class='ocrx_word' id='word_1_196' title='bbox 67 3490 200 3562; x_wconf 82' lang='lat' dir='ltr'><strong>exhibens,</strong></span> <span class='ocrx_word' id='word_1_197' title='bbox 220 3507 272 3562; x_wconf 85' lang='lat' dir='ltr'><strong>qne</strong></span> <span class='ocrx_word' id='word_1_198' title='bbox 291 3491 377 3549; x_wconf 85' lang='lat' dir='ltr'><strong>scribi</strong></span> <span class='ocrx_word' id='word_1_199' title='bbox 395 3491 461 3547; x_wconf 88' lang='lat' dir='ltr'><strong>nihil</strong></span> <span class='ocrx_word' id='word_1_200' title='bbox 480 3497 590 3563; x_wconf 81' lang='lat' dir='ltr'><strong>poteret</strong></span> <span class='ocrx_word' id='word_1_201' title='bbox 613 3488 761 3562; x_wconf 89' lang='lat' dir='ltr'><strong>insipidius.</strong></span> <span class='ocrx_word' id='word_1_202' title='bbox 802 3489 890 3545; x_wconf 77' lang='lat' dir='ltr'><strong>finito</strong></span> <span class='ocrx_word' id='word_1_203' title='bbox 906 3488 1107 3546; x_wconf 76' lang='lat' dir='ltr'><strong>usufructuario</strong></span> <span class='ocrx_word' id='word_1_204' title='bbox 1124 3491 1187 3561; x_wconf 85' lang='lat' dir='ltr'><strong>jure</strong></span> 
     </span>
     <span class='ocr_line' id='line_1_34' title="bbox 67 3569 1189 3656; baseline 0.002 -17"><span class='ocrx_word' id='word_1_205' title='bbox 67 3585 130 3656; x_wconf 84' lang='lat' dir='ltr'><strong>rjus,</strong></span> <span class='ocrx_word' id='word_1_206' title='bbox 152 3586 197 3642; x_wconf 92' lang='lat' dir='ltr'><strong>cui</strong></span> <span class='ocrx_word' id='word_1_207' title='bbox 216 3601 357 3643; x_wconf 81' lang='lat' dir='ltr'><strong>successor</strong></span> <span class='ocrx_word' id='word_1_208' title='bbox 376 3587 404 3643; x_wconf 92' lang='lat' dir='ltr'><strong>iu</strong></span> <span class='ocrx_word' id='word_1_209' title='bbox 423 3584 556 3642; x_wconf 89' lang='lat' dir='ltr'><strong>beneficio</strong></span> <span class='ocrx_word' id='word_1_210' title='bbox 576 3599 629 3640; x_wconf 92' lang='lat' dir='ltr'><strong>non</strong></span> <span class='ocrx_word' id='word_1_211' title='bbox 649 3583 739 3639; x_wconf 85' lang='lat' dir='ltr'><strong>extitit</strong></span> <span class='ocrx_word' id='word_1_212' title='bbox 758 3583 792 3640; x_wconf 86' lang='lat' dir='ltr'><strong>ad</strong></span> <span class='ocrx_word' id='word_1_213' title='bbox 811 3573 952 3640; x_wconf 75' lang='lat' dir='ltr'><strong>fructuarii</strong></span> <span class='ocrx_word' id='word_1_214' title='bbox 971 3584 1085 3640; x_wconf 88' lang='lat' dir='ltr'><strong>heredes</strong></span> <span class='ocrx_word' id='word_1_215' title='bbox 1104 3569 1189 3641; x_wconf 86' lang='lat' dir='ltr'><strong>futuri</strong></span> 
     </span>
     <span class='ocr_line' id='line_1_35' title="bbox 65 3678 1187 3752; baseline 0.001 -19"><span class='ocrx_word' id='word_1_216' title='bbox 65 3681 184 3752; x_wconf 74' lang='lat' dir='ltr'><strong>temporis</strong></span> <span class='ocrx_word' id='word_1_217' title='bbox 208 3696 260 3739; x_wconf 89' lang='lat' dir='ltr'><strong>nec</strong></span> <span class='ocrx_word' id='word_1_218' title='bbox 285 3680 420 3736; x_wconf 68' lang='lat' dir='ltr'><strong>naturales</strong></span> <span class='ocrx_word' id='word_1_219' title='bbox 446 3696 496 3735; x_wconf 90' lang='lat' dir='ltr'><strong>nec</strong></span> <span class='ocrx_word' id='word_1_220' title='bbox 521 3678 616 3734; x_wconf 82' lang='lat' dir='ltr'><strong>ciuiles</strong></span> <span class='ocrx_word' id='word_1_221' title='bbox 646 3678 749 3733; x_wconf 90' lang='lat' dir='ltr'><strong>fructus</strong></span> <span class='ocrx_word' id='word_1_222' title='bbox 778 3678 916 3751; x_wconf 88' lang='lat' dir='ltr'><strong>pertinere</strong></span> <span class='ocrx_word' id='word_1_223' title='bbox 945 3678 1044 3734; x_wconf 85' lang='lat' dir='ltr'><strong>nemini</strong></span> <span class='ocrx_word' id='word_1_224' title='bbox 1073 3695 1187 3750; x_wconf 88' lang='lat' dir='ltr'><strong>unquam</strong></span> 
     </span>
     <span class='ocr_line' id='line_1_36' title="bbox 65 3771 1188 3850; baseline 0.001 -23"><span class='ocrx_word' id='word_1_225' title='bbox 65 3771 164 3830; x_wconf 86' lang='lat' dir='ltr'><strong>dubium</strong></span> <span class='ocrx_word' id='word_1_226' title='bbox 184 3773 248 3846; x_wconf 86' lang='lat' dir='ltr'><strong>fuit,</strong></span> <span class='ocrx_word' id='word_1_227' title='bbox 267 3773 316 3831; x_wconf 86' lang='lat' dir='ltr'><strong>sed</strong></span> <span class='ocrx_word' id='word_1_228' title='bbox 335 3773 453 3830; x_wconf 77' lang='lat' dir='ltr'><strong>dubitari</strong></span> <span class='ocrx_word' id='word_1_229' title='bbox 473 3778 595 3846; x_wconf 79' lang='lat' dir='ltr'><strong>poteret,</strong></span> <span class='ocrx_word' id='word_1_230' title='bbox 618 3789 705 3829; x_wconf 89' lang='lat' dir='ltr'><strong>annon</strong></span> <span class='ocrx_word' id='word_1_231' title='bbox 725 3773 753 3828; x_wconf 91' lang='lat' dir='ltr'><strong>in</strong></span> <span class='ocrx_word' id='word_1_232' title='bbox 773 3771 944 3844; x_wconf 87' lang='lat' dir='ltr'><strong>pensionibus</strong></span> <span class='ocrx_word' id='word_1_233' title='bbox 963 3779 1025 3844; x_wconf 90' lang='lat' dir='ltr'><strong>post</strong></span> <span class='ocrx_word' id='word_1_234' title='bbox 1045 3772 1188 3850; x_wconf 79' lang='lat' dir='ltr'><strong>fructuarii</strong></span> 
     </span>
     <span class='ocr_line' id='line_1_37' title="bbox 10 3865 1187 3942; baseline 0.005 -25"><span class='ocrx_word' id='word_1_235' title='bbox 10 3910 12 3917; x_wconf 93' lang='lat'><em>.</em></span> <span class='ocrx_word' id='word_1_236' title='bbox 64 3865 296 3942; x_wconf 22' lang='lat' dir='ltr'><strong>denum—mortem</strong></span> <span class='ocrx_word' id='word_1_237' title='bbox 315 3867 448 3933; x_wconf 79' lang='lat' dir='ltr'><strong>soluendis</strong></span> <span class='ocrx_word' id='word_1_238' title='bbox 467 3874 618 3939; x_wconf 87' lang='lat' dir='ltr'><strong>temporum</strong></span> <span class='ocrx_word' id='word_1_239' title='bbox 637 3867 708 3922; x_wconf 76' lang='lat' dir='ltr'><strong>ratio</strong></span> <span class='ocrx_word' id='word_1_240' title='bbox 727 3866 850 3922; x_wconf 89' lang='lat' dir='ltr'><strong>hsbeudn</strong></span> <span class='ocrx_word' id='word_1_241' title='bbox 871 3866 919 3936; x_wconf 89' lang='lat' dir='ltr'><strong>sit,</strong></span> <span class='ocrx_word' id='word_1_242' title='bbox 940 3865 1012 3935; x_wconf 87' lang='lat' dir='ltr'><strong>quod</strong></span> <span class='ocrx_word' id='word_1_243' title='bbox 1031 3873 1114 3937; x_wconf 72' lang='lat' dir='ltr'><strong>neget</strong></span> <span class='ocrx_word' id='word_1_244' title='bbox 1133 3868 1187 3923; x_wconf 84' lang='lat' dir='ltr'><strong>ba-</strong></span> 
     </span>
     <span class='ocr_line' id='line_1_38' title="bbox 10 3960 1188 4035; baseline 0 -19"><span class='ocrx_word' id='word_1_245' title='bbox 10 3960 12 3971; x_wconf 93' lang='lat'>&#39;</span> <span class='ocrx_word' id='word_1_246' title='bbox 64 3961 163 4017; x_wconf 81' lang='lat' dir='ltr'><strong>rericus</strong></span> <span class='ocrx_word' id='word_1_247' title='bbox 183 3962 318 4035; x_wconf 76' lang='lat' dir='ltr'><strong>scriptor,</strong></span> <span class='ocrx_word' id='word_1_248' title='bbox 342 3961 443 4017; x_wconf 90' lang='lat' dir='ltr'><strong>docens</strong></span> <span class='ocrx_word' id='word_1_249' title='bbox 468 3960 570 4017; x_wconf 88' lang='lat' dir='ltr'><strong>fructus</strong></span> <span class='ocrx_word' id='word_1_250' title='bbox 590 3976 702 4032; x_wconf 84' lang='lat' dir='ltr'><strong>quorum</strong></span> <span class='ocrx_word' id='word_1_251' title='bbox 723 3961 780 4016; x_wconf 90' lang='lat' dir='ltr'><strong>dies</strong></span> <span class='ocrx_word' id='word_1_252' title='bbox 805 3960 920 4016; x_wconf 85' lang='lat' dir='ltr'><strong>nondum</strong></span> <span class='ocrx_word' id='word_1_253' title='bbox 940 3961 1048 4015; x_wconf 89' lang='lat' dir='ltr'><strong>venerit</strong></span> <span class='ocrx_word' id='word_1_254' title='bbox 1065 3961 1188 4031; x_wconf 74' lang='lat' dir='ltr'><strong>integros</strong></span> 
     </span>
     <span class='ocr_line' id='line_1_39' title="bbox 61 4054 1187 4128; baseline 0.001 -18"><span class='ocrx_word' id='word_1_255' title='bbox 61 4061 213 4127; x_wconf 86' lang='lat' dir='ltr'><strong>competere</strong></span> <span class='ocrx_word' id='word_1_256' title='bbox 237 4055 381 4112; x_wconf 83' lang='lat' dir='ltr'><strong>heredibus</strong></span> <span class='ocrx_word' id='word_1_257' title='bbox 406 4055 440 4111; x_wconf 87' lang='lat' dir='ltr'><strong>sd</strong></span> <span class='ocrx_word' id='word_1_258' title='bbox 466 4071 532 4127; x_wconf 90' lang='lat' dir='ltr'><strong>quos</strong></span> <span class='ocrx_word' id='word_1_259' title='bbox 557 4055 733 4128; x_wconf 81' lang='lat' dir='ltr'><strong>proprietatis</strong></span> <span class='ocrx_word' id='word_1_260' title='bbox 754 4054 817 4124; x_wconf 83' lang='lat' dir='ltr'><strong>jure</strong></span> <span class='ocrx_word' id='word_1_261' title='bbox 837 4059 991 4109; x_wconf 83' lang='lat' dir='ltr'><strong>revertetur</strong></span> <span class='ocrx_word' id='word_1_262' title='bbox 1008 4055 1187 4112; x_wconf 80' lang='lat' dir='ltr'><strong>ususfructus.</strong></span> 
     </span>
     <span class='ocr_line' id='line_1_40' title="bbox 60 4135 1186 4220; baseline 0 -16"><span class='ocrx_word' id='word_1_263' title='bbox 60 4147 148 4205; x_wconf 77' lang='lat' dir='ltr'><strong>Verba</strong></span> <span class='ocrx_word' id='word_1_264' title='bbox 167 4149 222 4205; x_wconf 89' lang='lat' dir='ltr'><strong>hoc</strong></span> <span class='ocrx_word' id='word_1_265' title='bbox 245 4149 389 4205; x_wconf 84' lang='lat' dir='ltr'><strong>indicantia</strong></span> <span class='ocrx_word' id='word_1_266' title='bbox 409 4165 499 4220; x_wconf 81' lang='lat' dir='ltr'><strong>„suet</strong></span> <span class='ocrx_word' id='word_1_267' title='bbox 520 4149 576 4205; x_wconf 89' lang='lat' dir='ltr'><strong>das</strong></span> <span class='ocrx_word' id='word_1_268' title='bbox 597 4135 655 4220; x_wconf 82' lang='lat' dir='ltr'><strong>giit</strong></span> <span class='ocrx_word' id='word_1_269' title='bbox 675 4148 760 4206; x_wconf 89' lang='lat' dir='ltr'><strong>daune</strong></span> <span class='ocrx_word' id='word_1_270' title='bbox 781 4143 865 4203; x_wconf 78' lang='lat' dir='ltr'><strong>erbe”</strong></span> <span class='ocrx_word' id='word_1_271' title='bbox 886 4148 903 4202; x_wconf 93' lang='lat' dir='ltr'><strong>i.</strong></span> <span class='ocrx_word' id='word_1_272' title='bbox 919 4164 944 4204; x_wconf 91' lang='lat' dir='ltr'><strong>e.</strong></span> <span class='ocrx_word' id='word_1_273' title='bbox 964 4148 999 4204; x_wconf 89' lang='lat' dir='ltr'><strong>ad</strong></span> <span class='ocrx_word' id='word_1_274' title='bbox 1019 4165 1085 4220; x_wconf 85' lang='lat' dir='ltr'><strong>quos</strong></span> <span class='ocrx_word' id='word_1_275' title='bbox 1105 4149 1186 4220; x_wconf 89' lang='lat' dir='ltr'><strong>pleno</strong></span> 
     </span>
     <span class='ocr_line' id='line_1_41' title="bbox 57 4241 1187 4317; baseline -0.002 -17"><span class='ocrx_word' id='word_1_276' title='bbox 57 4242 167 4301; x_wconf 82' lang='lat' dir='ltr'><strong>dominii</strong></span> <span class='ocrx_word' id='word_1_277' title='bbox 188 4247 253 4316; x_wconf 85' lang='lat' dir='ltr'><strong>juro</strong></span> <span class='ocrx_word' id='word_1_278' title='bbox 278 4243 373 4299; x_wconf 88' lang='lat' dir='ltr'><strong>fundus</strong></span> <span class='ocrx_word' id='word_1_279' title='bbox 400 4243 504 4314; x_wconf 83' lang='lat' dir='ltr'><strong>veniet,</strong></span> <span class='ocrx_word' id='word_1_280' title='bbox 529 4261 674 4317; x_wconf 84' lang='lat' dir='ltr'><strong>perperam</strong></span> <span class='ocrx_word' id='word_1_281' title='bbox 699 4241 842 4301; x_wconf 85' lang='lat' dir='ltr'><strong>saxonicus</strong></span> <span class='ocrx_word' id='word_1_282' title='bbox 867 4241 985 4315; x_wconf 89' lang='lat' dir='ltr'><strong>scriptor</strong></span> <span class='ocrx_word' id='word_1_283' title='bbox 1010 4241 1187 4312; x_wconf 79' lang='lat' dir='ltr'><strong>intelligenda</strong></span> 
     </span>
     <span class='ocr_line' id='line_1_42' title="bbox 56 4335 1187 4409; baseline -0.004 -12"><span class='ocrx_word' id='word_1_284' title='bbox 56 4355 112 4397; x_wconf 86' lang='lat' dir='ltr'><strong>csso</strong></span> <span class='ocrx_word' id='word_1_285' title='bbox 130 4337 383 4399; x_wconf 65' lang='lat' dir='ltr'><strong>comburere</strong></span> <span class='ocrx_word' id='word_1_286' title='bbox 401 4337 588 4395; x_wconf 72' lang='lat' dir='ltr'><strong>fructuarii</strong></span> <span class='ocrx_word' id='word_1_287' title='bbox 608 4336 764 4396; x_wconf 90' lang='lat' dir='ltr'><strong>defuncti</strong></span> <span class='ocrx_word' id='word_1_288' title='bbox 783 4335 977 4395; x_wconf 83' lang='lat' dir='ltr'><strong>heredibus.</strong></span> <span class='ocrx_word' id='word_1_289' title='bbox 1008 4335 1094 4395; x_wconf 78' lang='lat' dir='ltr'><strong>Aliter</strong></span> <span class='ocrx_word' id='word_1_290' title='bbox 1108 4351 1187 4409; x_wconf 80' lang='lat' dir='ltr'><strong>quana</strong></span> 
     </span>
    </p>
   </div>
   <div class='ocr_carea' id='block_1_5' title="bbox 0 0 1368 4898">
    <p class='ocr_par' dir='ltr' id='par_1_10' title="bbox 0 0 1368 4898">
     <span class='ocr_line' id='line_1_43' title="bbox 0 0 1368 4898; baseline 0 0"><span class='ocrx_word' id='word_1_291' title='bbox 0 0 1368 4898; x_wconf 95' lang='lat' dir='ltr'><strong> </strong></span> 
     </span>
    </p>
   </div>
  </div>
 </body>
</html>
