2722 4898
559 81 795 146 -loo-

113 257 217 321 sedern
244 256 343 336 („den
369 254 533 332 ansedel')
561 255 628 319 liliis
658 263 833 338 competere
860 255 996 320 exclusis
1022 256 1153 322 filiabus.
1197 254 1245 320 Ex

112 361 182 443 lege
213 360 327 440 divina,
361 378 450 441 quam
478 360 575 443 hloysi
604 361 687 424 Deus
717 360 836 424 dederit
849 365 901 441 ¹),
936 359 1147 424 deficientibus
1175 359 1245 424 lilils

113 482 229 525 omnem
251 472 406 545 paternam
429 464 627 528 hereditatem
647 464 763 527 liliabus
787 470 975 544 competere3
999 465 1025 527 si
1047 464 1161 527 liberos
1186 462 1245 526 dc-

112 566 232 631 functus
255 587 314 630 non
337 568 510 648 reliquerit,
536 568 706 630 succedere
729 566 857 646 iratres,
879 567 931 630 ubi
953 566 1065 630 iratres
1087 585 1150 631 non
1174 567 1245 646 sint,

111 672 313 753 proximiores
336 672 401 755 ejus
425 678 552 755 agnatos
559 693 568 749 3
593 677 723 733 amatre
747 676 895 754 cognatos
919 671 1039 754 agnatis
1062 677 1164 733 tamen
1183 689 1244 752 po-

111 775 206 838 tiores
233 773 338 836 haheri
364 773 520 853 inbonis,
550 792 679 855 quorum
707 791 747 839 ex
776 781 914 837 materno
942 792 1060 858 genere
1089 772 1245 837 hereditas

111 877 253 941 defirncto
277 877 445 940 obvenerit.
482 877 596 941 Divinis
620 878 722 956 itaque
745 878 918 958 praeceptis
937 878 1183 957 quotiescunque
1208 877 1246 939 de

110 980 331 1044 hereditatibus
354 981 560 1064 ambigeretur
583 981 720 1044 standum
742 997 823 1044 esse.

288 1151 407 1234 Caput
430 1153 460 1217 9.
497 1154 544 1216 lle
567 1174 603 1217 eo
626 1155 678 1237 qca'
700 1154 769 1218 sinc
791 1152 900 1217 liberis
922 1153 1064 1218 moritur.

196 1296 249 1370 ab·
266 1290 302 1354 tl.
338 1289 368 1355 si
391 1299 491 1355 autern
512 1292 622 1355 mulier
642 1299 760 1356 mortua
783 1291 876 1356 fauerit
898 1299 961 1356 aut
983 1292 1099 1356 alium
1120 1292 1247 1356 muri·

111 1399 184 1456 turn
206 1394 307 1472 tulit,
331 1401 401 1458 tunc
419 1395 501 1476 quod
523 1382 677 1477 proprium
698 1395 790 1459 habet
810 1404 842 1459 et
864 1397 902 1460 do
924 1395 1024 1459 mariti
1045 1395 1140 1460 rebus
1161 1395 1247 1477 quod

111 1515 166 1579 per
187 1498 288 1581 legem
311 1499 341 1561 ei
364 1498 493 1562 debetur
515 1499 654 1579 accipiat.
700 1498 843 1564 Caeteros
872 1517 924 1562 res
946 1499 1106 1581 propinqui
1130 1499 1246 1582 prioris

111 1602 211 1666 mariti
234 1601 414 1683 accipiant.'’
1187 1670 1191 1676 ,

197 1705 318 1787 caput
343 1703 413 1768 149.
457 1705 515 1780 Qui
537 1706 659 1769 viduam
683 1706 768 1769 duxit
795 1713 864 1788 post
892 1707 959 1788 ejus
981 1713 1108 1770 mortem
1131 1706 1246 1788 prioris

110 1809 209 1871 mariti
236 1808 401 1872 heredibus
434 1809 572 1872 restituat
603 1809 699 1887 bona,
732 1826 812 1889 quae
843 1796 1068 1873 usufructuario
1095 1810 1168 1891 jure
1198 1810 1247 1873 illa

111 1911 304 1992 possederat,
334 1911 451 1976 fructus
473 1920 575 1975 tamen
597 1912 764 1994 pendentes
786 1931 842 1994 pro
866 1914 924 1978 soli
947 1913 1064 1976 cultura
1086 1913 1246 1994 percipiat,

111 2015 152 2078 ita
172 2022 206 2077 ut
227 2015 343 2079 debitas
366 2015 503 2096 eJ'usdem
524 2017 668 2096 temporis
690 2017 855 2097 pensiones
879 2017 985 2081 solvat.
1023 2015 1138 2101 Segete
1160 2034 1246 2080 non·

112 2119 181 2181 durn
196 2117 276 2181 iacta
292 2119 389 2182 statim
406 2119 473 2202 agri
490 2118 666 2183 reddantur.
699 2110 946 2183 Usuiructuarias
960 2120 1137 2202 pensiones,
1161 2138 1245 2200 qua-

111 2240 177 2284 rum
200 2222 266 2285 dies
290 2223 463 2303 priusquam
487 2221 620 2284 decessit
647 2223 753 2285 mulier
775 2223 837 2304 jarn
859 2231 987 2288 venerat
1008 2225 1082 2286 licet
1109 2223 1247 2288 nondum

111 2325 225 2388 solutas
248 2333 404 2406 superstes
426 2325 537 2389 viduae
559 2326 684 2389 maritus
707 2326 911 2408 percipiat2).

197 2427 315 2510 Caput
338 2429 410 2494 150.
447 2428 601 2513 Agrorum
618 2429 788 2493 locationes
811 2430 841 2492 in
864 2448 960 2493 annos
984 2431 1122 2514 singulos
1146 2430 1248 2495 iactas

110 2550 262 2598 revocare
277 2531 411 2597 defuncti
424 2532 589 2599 heredibus
611 2551 673 2596 non
694 2533 805 2610 licere3
830 2534 940 2598 auitum
963 2540 1062 2597 autern
1082 2534 1246 2615 praedium

111 2636 221 2700 colono
245 2637 437 2701 commissum
465 2656 504 2699 an
531 2636 671 2718 recipere
697 2635 829 2701 heredes
851 2637 944 2699 velint
966 2655 1008 2700 ex
1030 2655 1138 2700 eorum
1161 2654 1245 2718 pen-

111 2741 185 2803 dere
209 2740 341 2802 arbitrio.
375 2739 584 2803 Restitutionis
607 2759 623 2802 a
646 2741 756 2804 colono
779 2739 939 2803 faciendae
956 2746 1073 2821 tempus
1091 2739 1245 2804 differen-

111 2843 181 2907 durn
202 2861 273 2906 esse
295 2843 419 2905 indiam
434 2851 503 2924 post
519 2843 734 2925 purificationis
750 2843 783 2907 B.
798 2843 911 2907 Mariae
930 2843 1057 2927 virginis
1077 2842 1187 2907 festum
1198 2845 1245 2919 ⁸).

115 2984 187 2991 ——

189 3051 219 3119 l)
244 3051 309 3107 lios.
329 3049 377 3122 tv,
403 3068 426 3108 c.
447 3049 499 3123 at,
527 3051 597 3109 coni.
620 3049 800 3108 Michaelis
825 3064 892 3107 mos.
918 3050 1002 3107 ltecht
1028 3050 1071 3119 (2.
1087 3051 1247 3124 Ausgabe),

111 3145 314 3217 ffihsw

188 3242 220 3311 2)
242 3241 378 3299 Observat
397 3241 518 3298 saxonici
538 3241 600 3298 libri
621 3248 671 3298 arb.
690 3237 741 3300 161
766 3239 870 3297 verbis:
892 3239 984 3311 ,halle
1005 3240 1071 3297 aber
1091 3239 1126 3296 de
1146 3255 1246 3297 vrowe

111 3354 170 3394 man
191 3353 323 3408 genomeu
337 3333 407 3391 -'':
432 3337 524 3392 uxoris
539 3336 655 3392 binubae
674 3335 846 3410 superstitem
864 3335 988 3391 maritum
1007 3334 1035 3391 in
1055 3333 1167 3391 mobilia
1186 3335 1246 3406 ejus

110 3434 182 3490 bona
207 3432 369 3502 succedere,
398 3432 518 3504 exceptis
543 3439 631 3488 tamen
657 3430 786 3487 aediliciis
812 3429 864 3498 (ci.
884 3435 933 3485 art.
952 3427 985 3484 11
1008 3429 1117 3486 verbisz
1142 3428 1246 3501 „Swar

111 3529 161 3585 der
180 3543 293 3585 vrowen
319 3527 353 3583 de
379 3532 431 3582 stat
456 3525 529 3582 nioht
552 3527 628 3597 nis'')
656 3532 683 3582 et
707 3525 832 3582 muliebri
858 3530 1003 3597 apparato,
1030 3525 1074 3597 qui
1100 3523 1246 3596 proximae

111 3624 169 3695 ejus
190 3628 322 3693 cognatae
343 3627 486 3695 competat.
526 3621 650 3677 Bovarioi
671 3621 798 3694 deinceps
817 3619 881 3676 libri
901 3624 1060 3690 argumento
1081 3617 1247 3675 conveniunt

111 3719 208 3775 verba:
236 3717 336 3788 „anrt
360 3732 413 3785 epu
432 3732 491 3772 man
512 3732 581 3786 eyne
601 3715 743 3773 wedeweu
763 3715 808 3771 die
828 3714 908 3785 sigen
929 3713 997 3770 oder
1017 3713 1070 3769 len.
1097 3712 1166 3769 oder
1186 3710 1246 3784 liph

111 3812 246 3886 gebracht.
267 3811 335 3867 oder
354 3811 471 3882 luinsgnl
486 3811 535 3872 ,hat
551 3807 614 3866 —.''

188 3907 221 3978 3)
242 3907 326 3962 Docet
347 3921 402 3962 sarr.
420 3905 483 3963 libri
503 3911 553 3961 art.
569 3904 625 3961 162
640 3903 745 3960 verbis:
766 3904 839 3975 „llut
858 3919 910 3973 eyn
930 3919 991 3959 man
1011 3901 1052 3958 siu
1072 3900 1128 3957 lant
1147 3901 1247 3974 beseyt

111 4019 145 4060 uz
158 3999 225 4059 *⁹³2
250 4017 347 4074 agrum
365 4016 445 4074 quem
464 4000 621 4057 seminatum
641 3999 761 4055 dominus
781 3999 879 4054 colono
898 3998 1046 4068 locaverat,
1066 3995 1141 4053 linito
1161 3995 1246 4052 locu-

111 4097 191 4157 tionis
203 4104 327 4176 tenpore
343 4096 499 4156 mmmatum
518 4101 684 4169 recepturas,
705 4093 728 4152 si
744 4092 815 4152 iutra
831 4092 989 4150 canditatus
1002 4090 1145 4151 locationis
1161 4106 1248 4149 anuos
