2722 4898
559 330 794 397 ..1⁴20-

168 502 278 577 caput
296 502 361 561 257.
397 503 441 563 Ad
465 503 653 577 praecedentis
699 518 701 523 ·

111 599 208 672 capitis
232 600 329 667 verba;
360 599 454 670 „Wen
478 600 524 658 sel
546 599 654 657 ceder

114 694 241 752 delcetat
260 694 322 767 tca'p
343 690 500 752 ritten”.·

168 789 224 845 Nec
237 790 264 846 in
275 788 390 846 furiosos
403 795 546 845 autmente
557 795 652 861 captos
754 789 853 860 „Uber
871 789 967 849 rectte
988 798 1070 848 torem
1088 792 1155 850 aad«

111 884 241 940 criminali
263 884 393 941 sententia
411 883 511 955 aliquid
528 888 651 940 statuen-
703 885 799 941 nahae
814 885 872 943 late
890 903 927 943 ne
940 865 987 942 sol
999 903 1063 943 men
1079 887 1153 944 cccl

111 979 182 1050 dum,
202 979 249 1035 sed
269 979 296 1035 in
315 984 434 1036 tutorem
451 977 539 1034 damni
560 978 651 1035 abeis
704 978 821 1037 rietten.
849 997 948 1038 sweme
972 998 1004 1037 se
1029 979 1101 1038 'rader
1126 999 1155 1040 st

110 1073 178 1130 illati
191 1074 298 1130 nomine
312 1073 445 1130 actionem
456 1071 568 1130 dandam
581 1090 652 1142 esse,
704 1071 733 1128 ir
752 1076 924 1132 carnanter
943 1076 990 1132 sol
1005 1076 1033 1131 ia
1053 1072 1155 1148 pelten'

111 1169 224 1226 sibene
244 1169 369 1240 habeant,
389 1167 459 1223 unde
476 1167 551 1224 laeso
571 1168 653 1224 satis-

110 1263 169 1319 lieri
189 1264 283 1336 possit,
303 1279 353 1319 nec
375 1262 451 1318 hisce
468 1261 653 1318 delinientibus

112 1375 262 1430 quenquam
286 1374 321 1413 ex
342 1373 436 1414 eorum
456 1355 533 1412 lactis
556 1357 652 1413 teneri.

167 1454 330 1510 Furicsos
347 1451 576 1510 includendos
589 1451 654 1507 vin-

111 1549 231 1621 culisque
244 1546 472 1620 constringendos
483 1546 541 1604 eise
556 1561 653 1620 apro-
687 1545 689 1551 ’

110 1644 217 1716 pinquis
237 1649 282 1701 aut
302 1660 337 1700 ex
353 1642 454 1715 judicis
475 1642 652 1713 anctoritate3

111 1738 235 1796 alimenta
253 1739 307 1796 illis
326 1736 518 1811 aproximicri
535 1727 654 1810 regnate

110 1839 165 1906 aut,
181 1835 203 1891 si
219 1848 288 1908 opus
305 1833 348 1904 sit,
365 1832 398 1888 de
412 1832 528 1906 pecnnia
545 1831 653 1906 publica

111 1927 350 1986 subministrandas
372 1943 438 1985 esse.

454 2132 572 2216 caput
593 2132 624 2198 8.
661 2129 704 2203 lta
720 2126 906 2222 juramenta.

197 2290 350 2355 Prohibuit
372 2289 504 2354 Carolus
523 2288 699 2371 imperator,
722 2309 761 2354 ne
783 2293 837 2356 ulli
855 2292 977 2374 juretur
994 2309 1084 2372 quam
1106 2290 1154 2356 sib

111 2415 185 2462 suae
208 2394 342 2460 utilitatis
365 2412 458 2460 causa
480 2394 543 2474 ais,
572 2395 625 2474 qui
655 2395 719 2458 aliis
745 2403 905 2476 praesunt3
937 2396 993 2460 scd
1015 2397 1140 2478 excepit

110 2507 226 2579 menta,
257 2517 335 2579 quae
365 2499 395 2561 in
425 2498 609 2580 privatorum
631 2499 732 2562 causis
755 2499 944 2579 „secundum
965 2486 1067 2583 legem
1096 2500 1155 2564 alte

113 2603 209 2666 altero
235 2601 415 2666 debentur.’'

195 2706 277 2769 lnter
299 2705 447 2787 ejusmodi
464 2705 638 2788 juramenta
660 2706 794 2777 bavarici
815 2706 884 2770 libri
907 2706 1006 2789 capite
1027 2705 1090 2770 258
1113 2725 1155 2770 re:

106 2809 316 2891 jusjurandum
339 2810 554 2890 praestandum
572 2811 609 2873 ab
628 2828 677 2890 ec,
701 2809 839 2890 quirem
863 2810 1082 2874 commodatam
1105 2796 1155 2874 sit}

110 2913 232 2996 pignori
255 2913 364 2992 datam,
386 2913 467 2976 nulla
490 2914 711 2978 interveniente
734 2914 823 2996 culpa
844 2914 993 2995 perditam
1015 2930 1087 2979 esse
1110 2914 1155 2978 die

168 3055 173 3063 -
197 3015 368 3080 saxonicus
386 3023 492 3080 autem
503 3017 655 3098 scriptor„
667 3035 759 3097 quum
776 3018 806 3080 in
821 3018 922 3082 locum
937 3018 976 3080 de
993 3017 1088 3089 rebus
1103 3019 1155 3084 rel

111 3119 180 3182 ditis
201 3119 249 3184 vel
272 3119 331 3182 alia
349 3137 389 3182 ex
407 3137 503 3184 causa
523 3120 641 3184 traditis
663 3120 817 3201 inciderit,
838 3121 930 3202 pleno
948 3120 997 3184 hic
1015 3140 1110 3186 sacca
1129 3127 1155 3185 el

1 3311 2 3317 ἵ
111 3241 313 3304 quaecunque
343 3222 399 3287 sibi
421 3224 459 3287 de
487 3224 579 3288 rebus
602 3224 651 3288 vel
672 3223 863 3288 vindicandis
884 3225 933 3289 vel
955 3244 996 3288 ex
1019 3225 1130 3289 crediti
1152 3255 1155 3283 ι

110 3328 284 3411 repetendis
306 3327 336 3390 in
358 3335 498 3410 promptu
520 3333 622 3407 erant,
645 3333 677 3391 ut
700 3327 739 3392 ob
762 3327 1032 3394 additamentomm
1054 3328 1155 3393 variet

116 3494 319 3504 ...ιιι-...ο-

8 3571 14 3580 ⁴
111 3589 167 3646 sein
188 3589 267 3646 leben
283 3585 404 3644 verliert.
422 3614 455 3625 —
473 3584 524 3644 ste
545 3591 651 3645 stnrren
671 3586 715 3644 die
735 3587 838 3660 innuen,
859 3587 918 3644 dass
939 3586 978 3646 sie
998 3588 1046 3645 mit
1061 3587 1155 3662 irgend

110 3685 208 3755 ningen
228 3683 296 3739 oder
316 3682 447 3756 springen
461 3700 513 3754 -3
534 3683 575 3740 sie
594 3683 686 3740 reizen
704 3682 819 3754 erigar
835 3683 1056 3755 mansionales,
1076 3685 1138 3742 dass

112 3777 180 3835 datu
204 3777 336 3850 bringam,
366 3778 445 3834 dass
474 3777 529 3837 ihr
559 3778 721 3850 schuldig
746 3778 878 3834 werdet
903 3795 936 3835 an
962 3795 1046 3836 cuern
1071 3780 1154 3837 ltinde

112 3873 166 3930 und
194 3872 269 3930 dass
295 3874 352 3931 des
381 3873 504 3930 kindes
534 3873 629 3931 scale
658 3872 774 3930 immer
805 3874 862 3930 des
892 3873 1152 3933 himmelreichs

112 3969 213 4025 raubt
239 3968 298 4024 sei.

189 4062 221 4132 l)
239 4064 362 4119 lacertus
382 4080 417 4119 ex
436 4063 517 4125 nimia
536 4064 591 4120 loci
610 4063 745 4121 brevitate
764 4065 851 4122 haesit
865 4071 1015 4139 perpetuae
1036 4081 1155 4124 commen

111 4159 152 4216 nis
170 4163 275 4229 auctor,
295 4165 383 4214 utrum
403 4158 437 4215 de
456 4158 552 4217 furiosi
566 4159 644 4217 honis
659 4159 726 4215 haec
741 4161 825 4215 verba
846 4160 1004 4233 accipienda
1019 4167 1107 4217 essent
1128 4163 1155 4230 (r

111 4253 175 4313 libri
193 4253 234 4326 ll,
252 4253 368 4312 articulo
388 4254 456 4326 62),
484 4270 519 4310 an
545 4254 580 4312 ad
603 4255 701 4312 tuteris
725 4271 883 4329 personam,
912 4257 948 4312 ch
973 4257 1126 4327 neglectam
1151 4275 1155 4312 a

111 4347 208 4410 intristi
228 4349 387 4424 cudodiam,
406 4349 506 4409 referri
526 4348 665 4412 deberent.
