2722 4898
521 359 737 422 ..5-

56 530 145 594 varia
164 529 296 594 omnium
317 529 348 592 in
366 548 421 594 ore
443 539 519 612 erat,
542 531 684 613 poliendo
706 531 776 595 huic
800 533 887 615 operi
910 542 940 596 et
962 534 1087 601 floribus
1109 536 1197 618 quasi

56 634 275 717 distinguendo
298 633 457 698 manifesto
481 635 630 698 adhibitus
654 654 724 699 esse
749 637 995 718 deprehenditur.

17 737 22 744 “
146 737 399 801 commentarium
422 740 485 820 ipse
504 741 617 819 primus
640 741 771 821 scriptor
793 759 849 821 pro
868 735 970 822 Juris'
990 746 1196 809 communis

56 842 163 904 libro
194 840 363 904 habendum
391 860 490 921 eoque
515 843 637 905 nomina
659 846 829 907 vocandum
853 828 923 907 esse
947 847 1057 924 voluit,
1085 849 1195 928 quippe

57 946 108 1024 qui
135 961 198 1007 non
226 945 398 1024 opinionum
428 924 605 1010 commentis
629 947 791 1026 debeatur,
821 948 876 1012 sed
904 967 944 1011 ex
970 949 1071 1012 Karoli
1093 950 1196 1032 magni

57 1048 341 1128 constitutionibus,
372 1049 510 1112 adhibitis
539 1057 598 1112 tam
628 1051 754 1113 decreto
778 1070 866 1131 quam
892 1052 1086 1114 decretalium
1112 1053 1196 1116 libris

57 1151 245 1232 compositus
268 1152 321 1230 sit,
344 1153 487 1214 nonnulla
510 1153 637 1216 subinde
666 1153 767 1216 habita
789 1155 909 1217 ratione
927 1155 1022 1235 Juris,
1051 1157 1133 1236 quod
1155 1175 1197 1219 ex

55 1255 137 1318 hona
160 1256 299 1319 locorum
322 1256 542 1319 consuetudine
566 1257 770 1320 introductum
793 1259 975 1337 reperiatur.

142 1359 295 1422 Primae
337 1358 594 1422 collectionis
636 1367 803 1423 aetatem
843 1360 941 1424 st'atuo
980 1367 1048 1442 post
1087 1381 1195 1426 annum

56 1463 270 1542 blGCLXXlV,
297 1480 357 1542 quo
379 1463 409 1523 in
432 1463 529 1545 regali
553 1463 637 1525 curia
660 1462 911 1548 Norimbergensi
935 1465 1085 1528 communi
1107 1467 1195 1547 prin-

57 1569 161 1653 cipum
188 1566 338 1630 sententia
367 1566 518 1628 delinitum
546 1573 608 1643 est,
638 1585 678 1629 ex
708 1568 830 1649 antiqua
858 1569 947 1651 regni
975 1570 1196 1632 consuetudine

57 1670 167 1734 Comiti
183 1670 316 1751 palatino
332 1669 428 1731 Rheni
447 1670 485 1732 de
508 1669 624 1750 imperii
645 1671 829 1753 principibus
848 1671 1091 1752 jurisdictionem
1114 1689 1194 1751 esse,

55 1775 108 1836 ubi
129 1775 196 1854 ipse
217 1774 382 1853 imperator
397 1790 542 1853 praeesse
557 1773 672 1854 judicio
693 1793 754 1837 non
770 1778 929 1856 posset1),
953 1792 1041 1855 quam
1060 1776 1090 1837 in
1107 1776 1195 1837 cele-

56 1877 190 1940 berrima
206 1875 361 1939 Ottachari
376 1875 538 1938 Bobemiae
562 1877 645 1958 regis
669 1895 763 1940 causa
781 1878 926 1940 firmatam
945 1879 1195 1941 consuetudinem

55 1981 225 2061 respiciunt
248 1980 346 2060 capita
367 1980 595 2062 lassbergianae
614 1980 754 2043 editionis
772 1980 832 2042 125
848 1987 879 2043 et
894 1980 966 2046 128.
1003 1981 1195 2044 Praecedere

57 2092 160 2148 autem
188 2083 258 2146 libri
285 2083 478 2164 scriptionem
514 2102 623 2146 annum
652 2082 882 2147 lldCGLXXXlll
910 2102 951 2146 ex
979 2101 1017 2146 eo
1046 2085 1196 2147 constabit

57 2189 141 2268 quod
177 2188 323 2266 deinceps
357 2187 572 2249 monstrabitur
605 2205 643 2250 eo
674 2188 737 2268 jam
771 2195 907 2267 tempore
941 2186 1100 2249 manifesta
1129 2188 1195 2267 eJus

57 2291 189 2375 vestigia
213 2289 407 2372 deprehendi.

591 2461 665 2531 11.

143 2602 252 2686 Longe
276 2603 414 2667 diversae
438 2601 618 2665 conditionis
642 2603 698 2664 alia
721 2602 826 2666 similis
850 2601 1020 2685 argumenti
1044 2601 1194 2681 quaedam
1270 2656 1272 2659 .

57 2708 200 2771 collectio
228 2714 293 2783 est,
327 2726 416 2787 quam
450 2706 604 2786 speculi
638 2706 821 2768 saxonici
854 2705 909 2767 suh
940 2705 1061 2766 nomine
1090 2704 1195 2784 primis

56 2810 176 2875 saeculi
198 2809 305 2872 decimi
328 2812 426 2890 quarti
447 2811 548 2873 lustris
572 2827 628 2889 per
650 2807 904 2888 septentrionales
922 2804 1100 2869 Germaniae
1119 2823 1195 2886 par-

56 2923 104 2978 tes
134 2914 265 2976 maximo
294 2913 324 2975 in
351 2932 410 2976 usu
438 2913 530 2977 fuisse
560 2913 696 2974 indicant
724 2919 784 2973 tam
814 2910 952 2973 codicum
980 2909 1071 2989 tituli,
1106 2925 1195 2987 quam

58 3036 185 3081 cannen
208 3017 290 3097 quod
312 3016 508 3098 praefationis
531 3018 600 3080 loco
626 3015 772 3097 exemplis
795 3016 974 3096 plerumque
997 3013 1195 3095 praemissum

57 3123 213 3204 reperitur
223 3122 267 3196 ²).

140 3328 172 3399 1)
194 3330 261 3386 Peru
281 3328 334 3400 leg.
349 3328 383 3400 ll,
403 3327 469 3385 399.

137 3424 170 3494 2)
195 3423 365 3480 Prooemium
396 3422 515 3480 saxonici
545 3421 623 3493 libri,
656 3422 698 3476 cui
731 3426 844 3492 „textus
869 3417 1004 3492 prologi''
1034 3415 1195 3486 plerumque

58 3519 231 3590 inscribitur,
251 3535 305 3575 uon
325 3518 427 3592 speculi
447 3517 494 3575 sed
515 3517 606 3587 „juris
627 3512 771 3572 saxonici”
794 3514 956 3571 mentionem
976 3511 1047 3566 lacit.
1084 3509 1197 3590 Erimus,

58 3631 141 3686 quam
164 3613 238 3685 scio,
264 3614 512 3686 jureconsultorum
538 3611 641 3684 speculi
671 3611 775 3666 titulum
801 3609 922 3665 adhibuit
948 3605 1102 3662 Guilielmus
1126 3603 1196 3658 llu-

57 3710 185 3780 rautis,
211 3709 255 3780 qui
276 3727 310 3766 ex
330 3708 441 3782 speculo
463 3725 512 3764 suo
530 3706 668 3778 judiciali,
693 3712 756 3778 post
776 3703 908 3760 Taucredi
928 3717 995 3773 opus
1016 3697 1197 3755 celeberrimo

52 3804 198 3875 judiciarii
228 3802 330 3860 ordinis
361 3803 568 3873 commentario,
599 3817 667 3858 auno
699 3801 805 3857 demum
830 3796 980 3854 hcctxxt
1005 3794 1122 3866 scripto,
1148 3807 1197 3864 per

57 3915 168 3954 omnem
193 3897 329 3972 Europam
354 3897 531 3972 speculatoris
556 3912 651 3954 nomeu
677 3896 804 3968 adeptus,
831 3911 888 3951 eam
914 3888 1096 3962 inscriptionis
1121 3885 1198 3955 hujus

56 3994 195 4049 rationem
215 3993 306 4050 reddit
326 3993 398 4065 quod
422 3994 491 4050 liber
513 4010 573 4048 suus
597 3991 699 4064 speculi
720 3990 804 4046 instar
821 3985 981 4059 judiciariae
1003 3984 1105 4040 formae
1126 3981 1197 4035 ima-

57 4089 153 4160 ginem
173 4089 276 4144 celerat
296 4090 374 4156 (Pars
394 4089 418 4160 l,
439 4087 609 4160 prooemium
630 4088 657 4152 δ.
673 4086 733 4153 26).
769 4080 992 4139 commentarium
1012 4083 1098 4134 autem
1120 4090 1197 4144 quem

57 4183 94 4239 de
114 4183 182 4256 ipsis
198 4186 280 4239 rebus
294 4185 321 4239 iu
330 4184 435 4255 iudicio
449 4180 595 4238 tractandis
614 4179 776 4253 composuit,
796 4171 997 4249 „breviarium”
1013 4173 1055 4229 vel
1069 4184 1198 4241 „aureum

57 4276 266 4353 repertorium*
281 4279 429 4352 nuncupari
444 4277 537 4334 voluit.
569 4275 679 4348 Speculi
699 4275 790 4330 titulus
804 4289 853 4345 per
868 4286 972 4326 omnem
985 4269 1120 4337 Europam
1134 4261 1198 4316 vul-

59 4381 156 4447 gatus,
177 4374 211 4431 ad
231 4377 304 4448 cujus
325 4373 497 4432 imitationem
519 4370 588 4444 apud
602 4370 707 4443 Auglos
722 4384 827 4440 quoque
846 4371 977 4439 regnante
991 4378 1058 4436 rege
1071 4355 1198 4416 Eduardo
