2722 4898
442 447 444 457 Ι
536 350 775 416 -185-·

148 527 261 598 („Swer
277 526 323 584 ein
342 510 394 600 psit
413 525 460 581 seii
478 524 563 584 erden
579 527 632 582 der
733 525 832 595 ,3Suer
851 525 979 584 besmede
1000 529 1143 586 canderet.
1169 529 1221 586 der

81 623 133 679 sol
153 629 301 679 sacertss
322 605 403 694 totp
421 623 460 678 da
475 606 513 677 sai
527 616 630 697 pao.”)
683 621 729 677 sot
746 621 777 677 ct
794 636 831 677 ua
851 636 918 678 coa
938 631 1045 678 sacert
1064 622 1166 679 taddeo
1182 624 1222 679 du

143 716 258 773 Materni
291 722 380 773 tamen
413 717 522 789 generis
551 716 631 787 buna,
683 731 720 772 zu
739 715 863 789 pedores
882 712 995 788 aa'a’'¹).

80 812 161 868 nulls
176 811 296 869 defuncti
311 812 390 886 prole
406 811 561 885 superstite,
580 828 631 868 re-

83 907 160 964 verti
177 905 212 962 ad
228 907 349 978 ejusdem
367 906 476 979 generis
492 912 631 979 cognatos.

145 1001 269 1074 lienique
292 1002 319 1058 iu
341 1009 455 1075 utroque
475 1019 577 1074 genere
597 1016 632 1058 ex

87 1095 194 1168 'gradus
213 1097 386 1171 proximitate
406 1096 523 1154 succedi.

148 1208 270 1292 Caput
295 1208 367 1274 275.
410 1210 444 1274 In
470 1208 631 1273 vindican—
736 1205 885 1271 Aristo.
902 1207 985 1284 „Die
996 1209 1130 1292 adciscere
1141 1208 1222 1273 noch

10 1363 12 1367 ,
86 1315 135 1377 dis
160 1314 253 1377 rebus
282 1333 350 1377 eum
377 1333 471 1397 agere
495 1313 630 1393 quinon
683 1330 833 1374 ncnmorsc
853 1311 943 1375 macta
964 1313 1128 1376 niemauue
1147 1331 1222 1377 oon

85 1416 243 1498 possidet,
271 1418 400 1480 tenentis
423 1415 630 1480 defensionem
683 1415 791 1477 sius'r
816 1416 928 1496 cicpe
954 1417 1054 1479 wisera
1083 1435 1143 1479 une
1171 1417 1223 1480 die

85 1539 173 1584 esse.
683 1520 783 1600 appiae
802 1519 862 1582 deo
882 1520 920 1582 de
939 1520 1026 1600 clcpe
1044 1521 1183 1600 peit”²).

169 1610 225 1674 tia.
243 1621 267 1674 b.
297 1621 339 1675 Ad
357 1622 534 1694 subsequentis
554 1638 631 1691 para·
821 1616 831 1623 '¹

122 1708 213 1778 graphi
225 1707 318 1762 rerba:
336 1712 402 1774 ,βαι
416 1710 450 1761 ist
462 1711 496 1761 da
510 1726 568 1761 uon.
587 1710 634 1760 das

121 1797 149 1846 si
172 1794 252 1865 pessit
278 1796 330 1847 sint
358 1813 417 1846 con
443 1797 509 1847 dem
538 1795 632 1847 redte

122 1883 181 1932 der
202 1881 450 1935 christeoiaeit.''

170 1969 237 2021 turis
256 1969 434 2020 communione
448 1968 553 2036 privatis
568 1984 631 2020 cau·
729 1964 895 2030 ‚discalciare
914 1964 966 2017 tute
984 1981 1017 2018 ne
1034 1964 1114 2018 soliers
1131 1967 1223 2021 siedre-

122 2071 169 2109 sac
187 2062 322 2123 patronum
338 2053 452 2119 ajudice
470 2055 631 2107 constituen—
683 2070 734 2105 uec
751 2055 889 2106 sormunde
907 2052 1013 2106 tabcn.”

122 2143 184 2193 dum
193 2157 245 2195 nou
255 2156 321 2192 esse.
339 2139 469 2208 Superiori
479 2150 564 2193 antem
573 2139 632 2193 loco

169 2379 200 2446 1)
226 2376 302 2434 Unde
329 2376 453 2433 ciiectum
479 2377 528 2448 sit,
555 2384 583 2434 ut
609 2377 636 2434 in
657 2378 720 2448 jure
745 2376 907 2450 provinciali
933 2375 1063 2434 saxonico
1086 2375 1223 2448 neglectui

85 2473 224 2545 inciperet
248 2472 346 2528 haberi
370 2473 464 2544 regula
496 2472 642 2528 communis
671 2474 730 2529 fere
762 2472 884 2528 omnibus
913 2473 1084 2544 germanicae
1111 2471 1224 2542 originis

86 2567 255 2624 nationibus:
286 2568 357 2623 bona
386 2574 497 2640 paterna
528 2568 634 2640 paterni
664 2569 787 2639 generis,
821 2573 940 2623 materna
970 2567 1084 2622 materni
1114 2565 1224 2637 generis

87 2663 214 2735 cognatis
236 2661 350 2732 cedere,
371 2668 479 2719 servata
499 2668 599 2718 tantum
620 2662 727 2735 antiqua
749 2652 938 2717 consuetudine
959 2662 985 2717 in
1006 2660 1114 2717 militari
1135 2677 1222 2735 appa-

85 2765 151 2815 ratu
170 2763 198 2814 et
218 2757 342 2813 muliebri
363 2757 541 2830 supellectile,
562 2773 674 2829 quorum
695 2756 740 2813 ille
761 2773 796 2812 ex
816 2761 938 2829 paterna,
961 2756 1029 2811 haec
1050 2772 1084 2811 ex
1104 2761 1224 2811 materna

86 2835 241 2910 hereditate
262 2852 295 2908 ad
312 2851 464 2908 defunctum
479 2852 684 2924 defunctamque
698 2852 805 2907 uenisse
821 2851 1000 2923 fingebantur,
1020 2851 1129 2921 longum
1151 2848 1223 2919 iuret

86 2947 144 3003 hoc
168 2947 232 3003 ioco
260 2963 406 3020 exponere.
453 2946 589 3004 Curiosius
618 2948 708 3019 itaque
737 2965 795 3003 eam
822 2948 848 3009 in
874 2962 931 3014 rem
957 2944 1093 3017 disserere
1119 2961 1223 3001 mecum

87 3041 366 3112 consummatione,
387 3059 463 3115 quam
484 3060 518 3098 ex
539 3043 698 3099 academicis
717 3043 822 3115 legibus
842 3043 869 3099 in
886 3041 948 3103 auls
970 3041 1084 3105 maxima
1099 3040 1222 3113 proxime

86 3136 230 3192 habiturus
251 3143 278 3192 et
298 3137 424 3210 deinceps
450 3137 569 3194 editurus
594 3155 650 3194 sum
671 3140 705 3195 de
730 3140 836 3197 ratione
856 3156 906 3211 qua
933 3136 1123 3195 conservandis
1142 3135 1222 3193 avitis

87 3230 251 3288 familiarum
272 3233 348 3288 bonis
368 3233 483 3304 majores
502 3233 587 3289 nostri
607 3235 819 3306 prospexissent.

168 3327 200 3397 2)
228 3327 372 3383 Bavaricus
399 3328 516 3401 scriptor
536 3328 568 3384 ad
590 3345 648 3384 rem
674 3329 796 3401 apposite
816 3329 938 3385 dixerat:
965 3331 1039 3400 „iter
1059 3327 1161 3383 richter
1181 3324 1222 3381 sol

88 3423 215 3479 niemanu
240 3439 279 3478 vu
304 3424 396 3479 siner
423 3439 538 3494 gewer
563 3423 678 3480 wiseu.
707 3440 779 3481 wan
806 3424 906 3494 stage
932 3423 969 3478 vi
991 3421 1052 3478 den
1080 3422 1139 3477 der
1165 3419 1222 3475 das

88 3504 151 3589 girt
177 3517 208 3572 iu
235 3516 294 3572 der
320 3518 401 3574 hant
427 3515 521 3589 hat'';
548 3519 565 3575 i.
587 3535 610 3575 e.
636 3518 852 3591 „possessionem
874 3516 960 3590 judex
984 3516 1083 3572 nemini
1108 3514 1222 3586 auferat,

88 3611 138 3667 ubi
159 3627 211 3667 non
237 3612 278 3667 rei
299 3613 444 3668 vindicatio
470 3612 599 3669 adversus
624 3619 758 3669 tenentem
778 3615 906 3670 intentata
927 3629 1042 3683 reusque
1063 3618 1091 3666 ut
1112 3615 1223 3683 oportet

88 3706 116 3761 in
136 3706 180 3776 jus
200 3713 311 3762 vocatus
331 3705 440 3763 suerit.'''
475 3707 609 3764 Saxonico
630 3708 755 3780 scripturi
777 3709 882 3764 videtur
904 3708 1053 3781 exemptum
1074 3708 1108 3763 oh
1129 3704 1224 3764 oculos

88 3800 182 3871 tuisse,
202 3801 229 3858 in
245 3818 298 3872 quo
314 3802 357 3858 vei
375 3803 476 3858 omissis
492 3803 631 3860 uocabulis
652 3804 748 3873 „siner
760 3801 875 3874 gewcr”
896 3820 930 3859 ex
950 3819 1048 3860 errore
1066 3803 1220 3874 legebatur:

87 3897 167 3967 „Der
191 3897 277 3953 rihter
302 3899 344 3953 soi
370 3898 492 3963 riemann
512 3915 545 3954 vs
565 3898 668 3954 wisen'
690 3899 854 3970 („ueminem
878 3898 963 3970 judex
988 3895 1153 3971 repeilat”)‚
1178 3897 1222 3954 vel

86 3991 181 4048 stilum
206 3998 400 4064 prrecurrente
425 3993 530 4049 librarii
556 3994 636 4049 oculu
662 3994 731 4048 male
757 3994 798 4050 bis
822 3994 951 4066 scriptum
977 4001 1036 4050 erat
1061 3993 1222 4049 vocabulum

78 4082 220 4157 '„clage''.
259 4087 323 4143 lude
346 4104 361 4142 a
382 4104 449 4143 vero
475 4088 530 4144 loci
554 4105 632 4143 sensu
658 4090 789 4146 aberrans
813 4089 934 4144 saxonici
959 4089 1022 4144 libri
1048 4095 1143 4144 auctor
1168 4102 1221 4142 ex·

87 4180 225 4251 cogitauit
254 4182 305 4239 sibi
335 4183 457 4255 regulam
483 4182 636 4252 „actionem
666 4185 764 4240 nemini
790 4199 805 4238 a
827 4182 920 4254 judice
947 4182 1129 4254 denegandam
1154 4197 1222 4252 esse,

88 4275 246 4351 priusquam
267 4294 283 4332 a
303 4293 352 4334 reo
373 4282 521 4334 contestata
542 4276 641 4351 iuerit3
666 4295 717 4335 nec
742 4280 776 4336 ab
801 4279 854 4336 atio
875 4279 1000 4354 quopiam
1026 4276 1222 4351 impediendum

87 4387 150 4432 csse
172 4387 257 4447 agere
276 4373 441 4433 volentem.''
