2722 4898
576 288 811 384 ..211ss

128 498 154 536 aa
171 484 365 554 praestiturum
385 487 547 559 promiserit,
567 489 669 546 etiamsi
721 494 837 550 aietena
862 493 966 552 lobede.
998 500 1053 555 doz
1080 501 1132 557 iter
1159 501 1259 559 binnam

129 575 154 630 id
164 579 259 646 jonato
272 593 324 634 non
340 579 437 635 tactum
451 582 494 652 sit,
511 585 568 653 ejus
584 601 668 654 pras·
721 588 869 644 neminisse
887 589 1011 663 ostobt't”
1022 599 1060 662 ¹).

116 670 239 726 'standae
252 672 444 744 obligationem
458 684 617 748 recuperata
631 679 667 733 ii-

133 762 232 820 bentate
253 782 305 820 non
326 767 386 839 ipso
402 769 464 838 jure
485 772 668 842 multandam,

137 856 177 912 aad
202 858 235 912 ab
264 859 402 915 ordinario
428 862 522 932 judice
552 865 669 920 rescindi

138 957 256 1023 oportere
276 955 408 1023 promissa
426 956 523 1025 injusta
544 963 668 1031 extorta3

142 1043 349 1119 deintenposito
376 1053 463 1103 autem
490 1050 668 1120 jurejurando

141 1140 274 1208 promissor
294 1141 441 1213 paroohnm
462 1159 538 1199 suum
556 1145 665 1200 oonsul-

143 1236 188 1304 tet‚
204 1240 229 1288 nt
248 1250 327 1307 supra
348 1229 477 1309 seriptum
498 1244 552 1307 εει,
578 1238 667 1310 capite

145 1324 171 1380 da
183 1326 355 1399 jurejurando
367 1332 403 1396 ι).

175 1490 178 1495 ,
210 1435 256 1501 Qut
277 1455 323 1507 pro
348 1418 488 1490 avertendo
512 1441 602 1508 capitis
623 1450 666 1492 aut
761 1443 853 1505 „Sanan
879 1445 920 1493 die
945 1460 1006 1495 man
1032 1448 1116 1497 amerit
1140 1449 1201 1499 oder
1224 1465 1255 1501 ea

171 1520 283 1575 bonorum
305 1524 420 1593 periculo
439 1534 542 1576 coactus
556 1524 663 1591 jurave·
717 1535 813 1577 tranen
828 1527 889 1578 tobit
906 1529 981 1579 sinen
996 1528 1051 1595 lipia
1065 1534 1135 1582 mede
1152 1549 1184 1583 au
1198 1534 1255 1583 ari-

172 1607 208 1670 rit,
229 1609 275 1659 nisi
299 1617 366 1660 stare
389 1611 518 1674 promissis
537 1611 613 1679 velit,
637 1620 665 1662 ut
715 1620 785 1662 stema
808 1613 869 1663 oder
889 1613 930 1662 sia
952 1622 1051 1681 qesamt.
1076 1615 1104 1665 ni
1124 1634 1157 1666 ne
1178 1619 1254 1668 meod

173 1693 335 1744 rescindantur
352 1695 515 1760 interpositae
533 1696 663 1746 cautiones
716 1697 761 1747 laer
779 1698 802 1747 ia
820 1697 892 1747 nicht
908 1697 1026 1765 yelesten.
1049 1700 1073 1749 is
1095 1717 1127 1749 ne
1149 1701 1255 1752 scindet

173 1776 259 1829 nlaico
272 1778 361 1845 judice
380 1780 513 1846 impetrare
529 1796 619 1847 posse3
639 1790 664 1832 ει
714 1799 770 1851 yma
788 1799 819 1833 aas
836 1782 898 1832 sime
914 1783 1002 1833 recita
1018 1783 1114 1833 nicht.’'

173 1861 268 1931 siquod
286 1862 353 1914 aliud
372 1863 490 1914 damnum
507 1881 598 1931 passus
617 1875 664 1930 est,

172 1946 192 1996 in
202 1947 299 2015 duplum
309 1941 347 2001 illi
360 1950 482 2000 actionem
494 1951 519 2000 in
533 1967 590 2001 enm
602 1951 664 2015 dari,

173 2032 207 2097 qai
222 2042 303 2086 metas
320 2048 397 2087 eausa
414 2037 464 2087 vim
482 2035 601 2087 adhibuit.

758 2130 854 2192 „Smer
867 2146 924 2180 men
940 2130 988 2180 dea
1005 2142 1066 2179 man
1082 2131 1254 2185 annunciata

712 2215 779 2266 teht.
802 2212 860 2264 testi
878 2215 924 2265 iter
942 2231 988 2265 ene
1005 2214 1073 2265 ritca
1090 2215 1175 2282 smpte
1198 2217 1253 2268 sima

714 2308 800 2350 trumo.
816 2300 861 2349 der
875 2317 920 2350 eae
932 2301 965 2351 da
975 2316 1108 2367 qeaanqen
1119 2300 1172 2351 aas.
1192 2302 1253 2351 oder

713 2382 895 2436 insisterem
912 2400 1014 2435 amaran.
1034 2385 1095 2435 oder
1108 2384 1137 2435 ia
1155 2392 1253 2437 tramea

712 2468 762 2519 ime
780 2470 862 2519 ander
874 2469 935 2536 dinq
951 2468 1065 2536 aetatem.
1083 2467 1130 2519 lter
1142 2484 1175 2520 aa
1190 2470 1258 2536 dans

712 2554 736 2604 is
754 2554 827 2604 uiolet
845 2553 931 2605 testem
948 2554 1024 2605 maele
1043 2555 1089 2605 iter
1103 2553 1253 2621 aoidta‘noeat

711 2639 765 2706 apia
782 2641 831 2690 dan
848 2639 960 2707 heiligen
977 2641 1024 2691 das
1042 2639 1089 2690 laer
1105 2655 1138 2690 aa
1155 2645 1251 2689 matru-

710 2723 802 2776 aeteae
832 2741 864 2776 aa
893 2726 949 2776 don
981 2723 1066 2777 loeede
1095 2724 1254 2792 aedanum

712 2809 838 2873 tate”⁸).

146 2954 327 2972 χω*

204 3056 231 3123 1)
252 3053 560 3111 contemnentis:
582 3055 640 3124 „So
660 3055 711 3111 soll
733 3073 763 3111 er
784 3041 816 3112 nd
835 3057 919 3112 sinam
938 3057 1068 3114 bischove
1085 3073 1160 3116 vann.
1181 3057 1249 3114 oden

143 3126 167 3196 ιθ
182 3145 257 3204 sinam
277 3148 443 3220 livtpniester
463 3165 517 3218 gen
534 3149 596 3203 -.”
1000 3223 1002 3226 Α

201 3241 230 3310 2)
250 3243 290 3297 En
306 3257 403 3297 novum
416 3243 460 3297 hic
474 3258 620 3314 perversae
641 3243 831 3300 emendationis
852 3244 998 3316 specimen,
1018 3251 1106 3301 ortum
1127 3261 1162 3301 en
1181 3245 1250 3301 mala

138 3333 251 3402 neglectis
272 3335 392 3391 bavarioi
412 3335 475 3391 libri
496 3336 599 3390 verbis:
621 3337 674 3405 „ob
696 3353 726 3390 er
747 3337 773 3390 in
794 3337 850 3393 nivt
868 3320 1126 3406 vngatnivweliohen
1142 3352 1249 3407 gavan-

136 3431 177 3484 aen
194 3426 265 3485 hat.''
305 3428 410 3484 Minime
435 3427 505 3483 enim
525 3444 618 3483 verum
639 3435 680 3483 est
700 3430 838 3493 cantiones
859 3430 1027 3500 captivorum
1047 3445 1138 3485 omnes
1158 3430 1249 3497 irritas

132 3507 211 3592 fiisse,
231 3528 346 3594 excepta
361 3522 488 3579 duntaxat
502 3538 543 3591 ea,
564 3537 616 3592 qna
636 3521 670 3576 de
690 3522 790 3578 ultione
811 3540 846 3578 ex
862 3523 953 3593 jndice
972 3538 1026 3578 non
1041 3521 1157 3594 petenda
1176 3537 1248 3594 pro·
1294 3522 1301 3529 '

121 3606 190 3670 mitti
213 3617 332 3687 solebat,
362 3632 441 3687 quum
467 3615 550 3671 monis
577 3620 637 3670 erat
662 3616 781 3671 retinere
808 3632 1019 3687 unamquemque
1046 3615 1247 3671 condemnatum

124 3691 207 3764 d⁰neo
224 3710 373 3782 indicatum
393 3710 460 3765 solvi
480 3707 657 3764 satisdederit.

198 3803 228 3870 3)
256 3803 437 3859 certissimum
463 3809 517 3872 εει,
545 3801 707 3858 additionem
734 3803 857 3859 exhiberi
883 3803 935 3857 hoo
960 3801 1037 3871 loeo,
1068 3818 1102 3856 ex
1127 3801 1248 3857 bavarioi

109 3871 185 3949 fibri
204 3898 306 3952 verbis:
332 3898 390 3966 „lat
415 3897 480 3951 aher
504 3912 534 3951 er
558 3896 584 3952 in
611 3896 679 3967 iidig
700 3896 731 3950 vs
753 3897 809 3951 sine
832 3895 912 3951 tniwe
928 3894 992 3963 -”,
1017 3894 1070 3949 huo
1094 3895 1249 3950 translatam

102 3978 118 4019 ⁸
148 3980 259 4045 lantone
280 3990 409 4060 quodam,
434 4005 512 4059 quem
533 3988 617 4060 fugit,
643 3990 705 4045 loco
726 4005 803 4060 quem
829 4004 863 4042 en
889 4003 984 4044 errore
1007 3986 1161 4058 neglectum
1181 4004 1246 4042 one-

95 4054 215 4153 αθὶιει,
240 4083 356 4139 scienter
383 4082 461 4137 aliam
487 4081 645 4138 sententiam
669 4100 684 4137 a
704 4083 792 4155 primo
818 4081 940 4136 saxonici
964 4080 1027 4147 liti-i
1048 4086 1160 4139 anctore
1179 4079 1247 4136 sub·

92 4157 236 4232 'tisanam
257 4191 315 4231 esse
329 4174 433 4231 verbis:
455 4176 537 4247 „lenit
552 4192 612 4231 men
630 4178 688 4245 [en]
710 4175 775 4231 aher
793 4160 882 4230 ledioln
901 4190 955 4245 gan
974 4174 1064 4246 nophe
1083 4173 1140 4233 sina
1159 4177 1247 4231 truwa

92 4252 190 4326 ³<lar
208 4271 278 4327 riten
298 4288 322 4327 u.
339 4287 359 4327 ε.
374 4265 429 4326 w.''

987 4371 1043 4427 14⁴*
