2722 4898
557 352 793 419 --·189--Ι

76 542 211 600 .autem
225 530 347 597 domino
364 529 396 595 si
412 529 487 593 alia
502 528 651 591 ratione

110 639 277 703 damnum
297 635 375 700 sibi
392 634 538 697 illatum
556 651 650 714 pro-

109 741 280 820 baverit,
315 757 377 802 non
409 745 537 818 noceat,
570 735 651 817 quod

113 845 223 912 omissa
246 842 285 908 sit
307 841 445 927 pignoris
469 841 564 923 capio.

168 965 289 1048 Caput
304 963 377 1028 281.
405 962 498 1026 Facta
513 980 553 1025 ex
564 961 651 1044 judi·
756 962 838 1038 „Mit
852 980 942 1025 arene
959 980 997 1022 ne
1012 957 1101 1022 macla
1118 959 1241 1021 nlenten

116 1071 157 1134 cis
191 1069 373 1135 auctoritate
403 1066 650 1148 proclamatione,
703 1067 793 1128 sinen
809 1064 873 1146 liplr
890 1063 1072 1128 cirsocelen.
1096 1061 1176 1124 necle
1190 1062 1242 1124 ain

116 1193 172 1255 qua
193 1171 388 1236 interdictum
410 1177 477 1234 erat
498 1187 537 1232 ne
555 1169 651 1251 spici-
702 1175 822 1247 perant.
848 1169 879 1231 ia
900 1188 939 1232 ne
961 1169 990 1231 si
1012 1168 1077 1229 clar.
1093 1185 1158 1247 pane
1181 1165 1241 1227 daz

115 1277 202 1360 legia,
225 1276 301 1339 alias
315 1275 406 1353 licita,
429 1275 460 1337 in
476 1293 552 1358 agro
569 1291 650 1353 quo-
703 1275 770 1336 lont
797 1290 855 1335 cor
876 1272 1014 1353 pericdte
1042 1270 1174 1333 cirteilit
1201 1269 1240 1330 ai.

118 1381 180 1443 dam
196 1379 315 1458 nerent,
333 1397 450 1441 manum
465 1379 574 1460 perdat
592 1379 650 1441 ad·
702 1377 785 1439 ande
806 1377 902 1440 erede
921 1376 964 1439 da
982 1375 1063 1438 ader
1083 1371 1241 1455 praerato

117 1500 220 1547 versus
244 1483 305 1546 hoo
327 1489 522 1563 praeceptum
549 1483 650 1564 spicas
702 1483 807 1556 ai''²).

119 1587 277 1671 colligenS,
301 1586 333 1648 si
356 1586 469 1648 trium
492 1587 650 1648 testium

119 1690 228 1753 dictis
279 1688 475 1752 convincatur
520 1689 649 1751 emissae

119 1793 356 1874 proclamationis
374 1810 418 1872 se,
439 1810 529 1871 quum
548 1791 649 1854 delin-

120 1905 228 1979 queret,
252 1898 385 1961 notitiam
407 1898 549 1962 habuisse
563 1900 607 1971 ¹).

168 2020 289 2102 caput
310 2019 381 2082 282.
412 2018 445 2080 ln
460 2018 650 2082 vindicandis
755 2015 950 2100 „Spreeltent
971 2023 1093 2080 tamene-
1108 2032 1179 2077 mon
1201 2030 1240 2076 art
1302 2006 1304 2009 ’

120 2125 202 2188 relms
224 2125 251 2187 si
268 2125 426 2203 utriusque
444 2123 538 2203 partis
555 2129 650 2185 testes
701 2123 806 2186 caeder
825 2122 925 2185 stride
947 2141 1005 2203 eyn
1027 2126 1082 2202 pat
1105 2138 1164 2182 ane
1186 2119 1242 2180 mit

121 2228 177 2311 pari
204 2245 331 2291 numero
359 2217 499 2308 prodncti
523 2233 650 2288 contra-
701 2226 822 2308 plicter
850 2223 1036 2306 anspraete.
1068 2223 1151 2286 ande
1181 2222 1241 2285 daz

122 2330 212 2394 dicant
249 2330 322 2409 sibi,
361 2330 399 2392 ad
433 2329 650 2411 explorandam
701 2332 758 2394 mit
784 2330 931 2412 pliclrence
958 2322 1050 2413 tltcpe
1079 2326 1181 2390 biedet
1202 2345 1241 2388 an

123 2452 300 2513 communem
323 2433 490 2515 vicinorum
517 2433 650 2496 notitiam
703 2434 872 2498 bedaltene.
906 2453 974 2496 naen
1006 2433 1056 2495 sol
1082 2433 1112 2494 iz
1130 2413 1241 2493 'under

123 2537 332 2602 recurrendum
368 2553 448 2601 esse.
508 2534 538 2599 Si
571 2538 650 2599 inter
701 2539 753 2603 ine
771 2539 873 2602 teitan.
901 2538 1018 2601 Dioren
1034 2535 1127 2598 tlrccle
1144 2535 1241 2597 callen
1318 2619 1322 2624 .

123 2642 226 2706 ricinos
256 2659 273 2704 a
298 2640 402 2722 judice
431 2640 649 2703 examinandos
702 2642 753 2704 die
771 2642 898 2704 rechten
916 2660 1080 2704 umesaaen
1097 2639 1240 2703 teactae

123 2744 248 2808 similiter
271 2744 308 2807 ah
332 2750 461 2823 utraque
483 2750 569 2825 parte
592 2761 650 2805 ae·
702 2745 771 2808 dan.
800 2745 852 2817 dte
879 2745 913 2806 in
936 2744 1021 2806 denae
1043 2744 1135 2824 dorse
1163 2741 1240 2804 oder

124 2849 207 2925 qualis
244 2849 282 2911 sit
313 2848 507 2930 pugnantium
545 2865 649 2911 secum
701 2849 786 2911 deme
812 2848 961 2911 nohestan
984 2846 1157 2928 didorplren
1179 2865 1239 2925 pe-

123 2952 350 3014 testimoniorum
379 2968 539 3031 numeror,
567 2951 647 3013 utri·
701 2971 810 3014 semen
835 2954 895 3016 ein.
933 2951 1022 3014 Smer
1044 2952 1095 3013 die
1116 2969 1239 3012 marren

124 3069 171 3131 qne
191 3055 270 3136 parti
293 3054 431 3117 dimidius
454 3053 563 3118 modus
585 3054 650 3116 liti·
701 3075 828 3138 meppea
862 3075 903 3120 on
935 3057 1020 3120 deme
1053 3056 1146 3136 tlrnpe
1174 3054 1238 3117 leat.

122 3157 216 3237 giosns
232 3157 433 3239 adjudicetur,
452 3158 508 3219 nisi
523 3157 649 3221 forsitan
701 3161 752 3224 die
776 3160 878 3224 beltott
900 3161 961 3225 daz
982 3160 1069 3241 φάθ’

122 3256 170 3322 ide
182 3260 336 3344 digniores
351 3261 543 3325 inveniantur
553 3268 648 3324 testes

123 3361 224 3428 anna
242 3371 330 3447 parte
350 3372 474 3429 stantes.

122 3514 313 3528 s-—.---—...—---v—‹-

189 3616 218 3686 1)
246 3616 347 3672 ttcnloa
373 3615 486 3672 incurrit
511 3615 594 3688 capiti
614 3615 670 3672 279
698 3615 746 3686 (de
770 3614 899 3671 tractibus
925 3613 952 3670 in
974 3612 1066 3670 alieno
1087 3611 1146 3668 solo
1166 3611 1238 3667 hona

118 3706 160 3766 lde
176 3711 326 3784 perceptis)
348 3710 416 3767 male
436 3710 608 3783 anticipatum
629 3711 716 3767 inesse
735 3710 934 3770 adnotationem
950 3709 984 3766 ad
999 3709 1069 3765 lrnnc
1084 3708 1182 3776 locum,
1203 3721 1238 3761 ex

119 3806 254 3862 verboram
275 3805 402 3862 affinitate
423 3812 509 3861 ortam
529 3813 556 3863 et
576 3806 744 3862 referendam
770 3807 804 3862 ad
827 3806 924 3879 capitia
948 3805 1025 3876 hujus
1046 3803 1143 3860 verba:
1170 3800 1238 3872 „mit

120 3910 211 3956 arran
234 3897 316 3972 gan!q

184 3995 216 4064 2)
242 3995 388 4051 Bavaricns
410 3995 479 4051 liber
499 3996 621 4052 exhibet:
649 3996 717 4067 „mit
739 4013 839 4052 erren
863 3992 949 4068 gan''
971 3996 987 4050 i.
1003 4012 1026 4051 e.
1048 3989 1236 4066 perlustrando

120 4099 190 4156 raros
204 4089 239 4147 ad
255 4089 422 4162 colligendos
438 4091 525 4162 spicas
539 4109 554 4147 a
568 4092 729 4148 messoribus
744 4092 913 4164 praeteritas.
940 4089 1093 4148 Saronicus
1108 4087 1237 4159 scriptor,

119 4176 237 4257 deceptos
252 4185 386 4242 vocabulo
401 4183 492 4256 „ert”,
512 4187 584 4257 quod
599 4186 689 4260 capite
703 4187 759 4244 279
775 4186 889 4257 legerat,
908 4185 988 4241 etiarn
1007 4184 1060 4240 hoc
1079 4183 1143 4239 loco
1162 4180 1235 4237 scri-

120 4269 253 4350 lern„mit
266 4277 366 4336 erend'
381 4281 398 4336 i.
414 4297 437 4338 e.
452 4278 602 4352 „arando'',
622 4288 735 4339 mentem
755 4281 913 4355 propositae
931 4279 1092 4352 quaestionis
1112 4278 1146 4334 de
1165 4292 1236 4349 pro-

120 4362 194 4430 barda
214 4374 302 4432 laetae
322 4376 541 4450 proclamationis
561 4377 671 4434 scientia
692 4377 799 4435 omnino
818 4382 956 4435 assecutus
975 4390 1029 4432 non
1049 4380 1097 4431 eat.
