2722 4898
692 350 927 416 ...2oe-

248 541 347 587 aunon
366 524 503 605 exeeptis
521 542 599 604 quae
615 525 708 588 victui
725 542 785 588 ne-

248 630 384 691 cessaria
412 635 481 692 sunt
501 629 651 692 bonorum
673 629 787 708 aliquid

247 731 366 810 babeat,
389 733 473 812 quod
494 732 561 812 plus
583 733 706 815 triginta
727 731 786 794 dc·

248 836 341 897 nan'is
363 835 472 898 valcat.

302 938 414 1002 Juraos
431 957 514 1001 nexu
528 939 675 1002 liberatus
690 945 720 1000 ct
734 939 785 1000 in-

248 1043 406 1105 discussus
418 1051 547 1121 mancat,
561 1043 621 1105 nisi
632 1042 698 1122 ejus
710 1060 786 1122 pro-

247 1144 340 1210 fessio
357 1144 505 1209 rclutetur
522 1145 748 1227 probationibus
766 1164 784 1207 a

248 1249 401 1312 creditore
424 1249 530 1313 allatis.

304 1352 373 1416 Lit.
395 1371 423 1416 c.
457 1353 489 1416 Si
511 1352 577 1432 quis
600 1362 705 1415 certae
727 1371 787 1434 pe·
886 1353 1025 1428 „Saocmc
1042 1353 1107 1414 icit
1119 1352 1232 1432 qclden
1248 1372 1293 1416 sot

248 1457 355 1518 cuniae
379 1456 595 1519 condemnatus
616 1457 786 1520 cautionem
838 1463 901 1518 mut
935 1456 992 1518 des
1027 1457 1166 1518 werden.
1203 1465 1293 1519 want

249 1551 351 1621 coram
376 1559 481 1640 judice
509 1560 547 1622 de
576 1579 614 1622 ca
639 1559 787 1623 solvenda
838 1580 937 1622 manc
952 1561 1054 1622 eodm
1067 1561 1133 1639 qcit
1152 1561 1200 1632 [in
1215 1561 1293 1623 sinit

249 1665 442 1744 exposuerit,
465 1672 629 1728 extraneus
652 1664 787 1727 creditor
840 1664 893 1725 bes
915 1664 991 1725 buce
1013 1663 1090 1726 oder
1111 1665 1146 1725 io
1167 1663 1255 1724 dente
1279 1683 1293 1726 n

249 1774 358 1830 statuto
382 1769 541 1832 solutionis
560 1769 608 1832 die
632 1768 705 1832 solis
728 1786 787 1830 oc·
838 1776 908 1830 stem
926 1768 1001 1829 buce
1016 1767 1072 1828 dos
1090 1767 1244 1830 riclttcrcs
1259 1768 1293 1833 dc

249 1889 352 1934 casum
374 1881 530 1954 expectem
561 1881 621 1935 tum
644 1872 670 1934 si
692 1872 787 1934 satis·
837 1873 901 1951 qelt
917 1889 1087 1950 qewuencn
1106 1871 1229 1944 is]”¹).

248 1973 359 2038 lactum
381 1978 411 2038 ei
434 1994 494 2038 non
515 1975 616 2054 fuerit,
639 1978 739 2039 statim
757 1983 787 2038 et

248 2080 424 2159 priusquam
436 2099 499 2143 nox
511 2080 668 2159 advenerit
679 2082 788 2162 pignus

249 2184 348 2263 capiat
366 2183 463 2264 judex
490 2191 520 2246 et
546 2184 691 2247 creditori
719 2190 786 2245 tra-

250 2286 312 2364 dat,
340 2293 373 2349 ut
395 2286 523 2349 eandem
548 2306 613 2349 rem
636 2288 685 2350 vel
706 2287 790 2349 ulte-

249 2390 313 2452 rius
335 2392 454 2473 pignori
474 2390 572 2453 dando
591 2391 641 2453 vel
663 2408 790 2454 coram

251 2493 421 2556 testibus
465 2494 660 2559 distrahendo
702 2513 789 2558 suum

250 2605 466 2678 consequatur,
487 2598 692 2678 hyperocham
713 2616 788 2661 vero

251 2700 379 2763 debitori
415 2703 574 2779 restituat3
613 2704 638 2764 si
675 2720 714 2764 ex
748 2720 786 2764 eo

248 2805 375 2888 pignore
398 2805 485 2886 plene
509 2805 695 2868 satisfactum
713 2824 788 2868 cre-

251 2909 340 2971 ditori
376 2927 437 2971 non
471 2907 580 2989 suerit,
618 2909 700 2988 quod
733 2909 790 2971 sibi

251 3013 335 3074 deest
359 3031 399 3073 ex
425 3013 550 3091 reliquis
573 3011 718 3074 debitoris
741 3013 788 3075 sui

251 3114 443 3178 facultatibus
473 3116 652 3177 auctoritate
675 3115 789 3196 judicis

251 3220 399 3297 obtineat3
417 3219 552 3282 creditor
568 3224 667 3280 autem
681 3219 713 3280 in
727 3238 787 3282 co-

251 3326 320 3389 dem
341 3326 410 3387 loco
431 3341 490 3403 quo
514 3322 634 3385 debitor
658 3323 787 3386 domici-

250 3432 323 3493 lium
355 3428 469 3491 habens
504 3423 618 3488 octidui
653 3426 789 3489 inducias

252 3534 415 3611 concedat;
440 3538 549 3596 octauo
570 3537 668 3593 autem
692 3531 790 3592 diesi

330 3802 360 3868 1)
384 3800 476 3856 Verba
497 3799 623 3856 cancellis
644 3798 746 3854 inclusa
766 3797 836 3853 baud
856 3797 937 3853 dubie
958 3795 1048 3852 addita
1072 3803 1131 3853 sunt
1152 3797 1293 3870 corrigend

251 3898 337 3954 varici
357 3897 420 3953 libri
441 3911 520 3950 causa
539 3895 567 3949 in
587 3910 640 3966 quo
660 3893 790 3965 scriptum
810 3893 923 3963 legitur:
950 3893 1061 3963 „Swem
1081 3909 1140 3947 man
1162 3909 1223 3948 vor
1244 3909 1293 3963 ge:

252 3993 328 4067 guito
344 3986 467 4047 wottet.''
498 3990 637 4061 Reliquam
650 3988 774 4044 bavarici
792 3987 847 4043 loci
864 3993 967 4058 partem
984 3987 1072 4042 omisit
1091 3988 1237 4042 saxonicus
1256 4003 1293 4042 scr

252 4087 373 4157 Denique
398 4085 523 4140 attentius
547 4084 704 4140 bavaricam
728 4083 816 4138 locum
844 4082 1010 4153 relegentem
1037 4082 1168 4137 neminem
1196 4081 1283 4152 fugiet

253 4180 408 4254 scriptionis
428 4195 488 4235 esse
507 4180 642 4250 integrum
662 4180 714 4235 boc
735 4185 829 4250 caput,
855 4176 927 4248 quod
952 4177 1094 4232 saxonicus
1120 4178 1239 4249 scriptor
1260 4191 1293 4232 tro

254 4276 352 4351 partim
376 4289 497 4331 mancum
517 4275 616 4347 partim
640 4273 821 4331 additionibus
846 4272 953 4329 minime
976 4271 1009 4328 ad
1029 4287 1087 4327 rem
1106 4272 1293 4343 pertinentibtn

253 4372 399 4448 plilicatum
419 4369 537 4427 exbibet.
