2722 4898
556 334 795 401 ...186-

144 509 287 578 expositura
303 523 372 572 esse,
392 507 436 576 qui
453 505 569 561 homines
584 505 649 574 juris

144 596 320 659 communione
338 594 449 647 desituti
466 593 615 650 habeantur.

166 683 225 740 Lit.
247 698 270 738 a.
304 681 467 754 Proscriptis
490 699 649 741 exeommu-
746 682 845 752 ¹„Uias
871 682 976 753 rietes]
999 682 1140 740 emtam

10 815 13 822 ,
109 779 256 849 uioatisque
274 782 368 849 petere
383 777 533 833 volentibus
548 777 649 848 injure
701 776 880 835 eireestedaa
904 778 981 834 lutea
1006 777 1160 851 ae-durpi

109 872 231 929 standum
251 887 303 928 non
326 888 402 942 esse,
423 871 554 927 adversus
575 871 649 943 ipsos
700 880 779 929 mant
811 873 975 938 astensem
1004 872 1039 930 oh
1068 889 1102 928 ae
1131 873 1160 931 oi

109 974 197 1024 tumen
218 972 292 1024 reete
313 966 457 1040 petitiones
478 965 586 1022 intendi.
702 965 800 1040 clepet
824 984 888 1023 osen
911 966 982 1023 uber
1008 984 1048 1024 se.
1079 966 1123 1026 sie
1148 984 1160 1023 s

701 1063 866 1118 ontworden
886 1061 1096 1130 [emendem
1114 1078 1160 1137 pes

701 1156 740 1212 da
759 1156 802 1212 sie
821 1156 953 1215 servastis
972 1152 1060 1225 sin].''
1117 1148 1120 1153 ⁴

189 1218 292 1300 capus
316 1231 375 1283 ars.
415 1231 456 1282 su
483 1231 573 1298 capros
596 1231 648 1282 276

141 1319 233 1371 verba:
260 1317 364 1386 „stupet
386 1316 449 1368 uber
464 1317 555 1368 iernen
576 1317 650 1384 sf‘si

142 1404 196 1471 [die
217 1403 300 1468 entes]
327 1403 384 1454 deus
409 1391 512 1456 missam
539 1404 574 1455 si·
588 1412 650 1455 ant·

141 1491 272 1542 seisrtess.”
425 1545 439 1559 ,-

188 1576 346 1644 Proscriptus
360 1574 463 1641 injuris
478 1576 648 1644 integritatem
746 1575 817 1640 „oss
838 1574 954 1627 simois
970 1592 1033 1628 mass
1049 1585 1104 1628 mut
1121 1577 1160 1630 sie

141 1664 238 1715 restitui
258 1664 379 1730 cupiens,
402 1670 508 1730 sponte,
530 1678 579 1714 neo
597 1662 647 1714 de·
700 1662 794 1718 untes
810 1662 839 1712 in
854 1660 923 1713 alies
940 1664 1035 1715 staden.
1054 1663 1160 1729 [titanes

141 1749 283 1816 prehensus
303 1748 464 1818 vinculisque
488 1748 648 1811 constrictus,
698 1747 823 1818 periente.
842 1749 878 1798 da
889 1748 935 1800 ber
946 1748 989 1800 ine
1002 1749 1120 1801 aireestit
1134 1751 1159 1801 is

141 1834 215 1886 adeat
240 1834 371 1900 judicem,
403 1834 570 1887 satisdaturus
601 1849 649 1901 per
698 1833 800 1902 pliciter
817 1833 877 1885 saise
895 1833 949 1886 alae
969 1853 1027 1887 meo
1045 1835 1086 1887 die
1103 1834 1160 1905 clap

141 1920 251 1973 idoneos
291 1920 473 1987 fidejussores,
508 1920 648 1988 judicatum
699 1919 820 1971 irtetben
843 1929 897 1971 mut
919 1921 948 1971 in
973 1919 1042 1972 allen
1065 1923 1160 1977 stodes

141 2006 311 2074 mulctamque
335 2007 409 2061 solvi.
699 2014 754 2058 mut
781 1994 837 2060 siet
862 2024 911 2076 eyn
937 2023 998 2058 mors
1024 2006 1075 2058 wel
1098 2002 1160 2061 asts

187 2093 312 2145 Praesens
336 2102 406 2144 actor
428 2094 484 2160 ipse
502 2091 649 2157 fidejussio·
701 2093 770 2146 alles
796 2095 890 2146 studea.
920 2092 1017 2162 turpes
1042 2092 1083 2143 sol
1108 2093 1157 2146 laer

141 2195 200 2230 nem
225 2179 337 2246 recipiat.
377 2177 491 2231 Absente
517 2188 603 2230 actore
627 2180 648 2230 si
676 2187 791 2232 'estsere
814 2181 862 2231 das
880 2180 927 2232 her
943 2196 1004 2231 sore
1022 2178 1130 2244 eome].’'

141 2266 223 2317 minus
249 2266 356 2317 idoneos
381 2265 545 2330 fidejussores
569 2263 648 2329 judex

141 2351 267 2417 adsumat,
302 2367 365 2404 eum
394 2367 444 2404 suo
467 2367 524 2405 uon
554 2352 647 2405 autoris

141 2438 255 2506 periculo
278 2437 328 2492 hoo
351 2438 445 2492 facere.

186 2523 268 2576 Judex
301 2524 467 2592 fidejussores
483 2534 592 2597 ‚cogam
621 2534 649 2578 ut

141 2619 270 2679 praestent
286 2610 426 2685 potoribus²
439 2627 609 2681 quaecuuque
623 2612 649 2663 in

137 2696 259 2764 judicium
286 2697 394 2751 deducta
424 2683 547 2752 adversus
576 2714 648 2749 reum

141 2793 184 2836 aut
212 2783 344 2854 hucusque
372 2780 578 2854 impetraverint,
607 2790 650 2836 aut

142 2870 262 2939 deinceps
280 2873 434 2939 impetraturi
452 2871 545 2936 sint¹).

185 2957 282 3009 Judiois
304 2953 387 3010 officio
409 2958 533 3010 tontineri
552 2965 582 3008 ut
602 2972 650 3009 co·

141 3051 184 3112 gat
205 3042 385 3109 fidejussores,
412 3043 552 3096 absentium
575 3052 650 3096 acto·

141 3144 197 3181 rum
211 3129 270 3183 lo‘oo
283 3139 419 3198 receptos3
436 3130 471 3182 ab
486 3131 548 3197 ipsis
567 3137 651 3181 autem

143 3217 271 3269 actoribus
294 3216 485 3269 conveniendos
504 3233 565 3271 esse
581 3216 650 3268 flde-

138 3303 270 3370 jussores,
296 3304 339 3373 qui
362 3303 412 3356 illie
433 3303 651 3370 interrogantibus

141 3391 319 3457 fidejusserint.
347 3390 375 3443 In
394 3390 521 3444 homicidii
538 3391 582 3445 vel
599 3391 649 3444 bo-

142 3493 232 3532 norum
249 3486 379 3549 septetum
393 3494 471 3538 curma
484 3477 650 3544 fidejussores

143 3564 265 3631 ajutioe,
282 3565 362 3619 invito
376 3573 471 3632 actore,
486 3564 650 3633 accipiendos

144 3668 195 3704 11011
213 3668 279 3705 0880.

112 3725 315 3750 ...t—„-

188 3782 219 3851 1)
245 3782 467 3857 corruptissimus
492 3783 520 3840 in
543 3783 730 3856 iussbergiano
749 3784 874 3858 exemplo
897 3784 973 3841 loeus
999 3801 1034 3842 ex
1052 3787 1160 3844 basilee

111 3885 138 3936 et
157 3878 332 3935 turicensium
357 3879 479 3936 codicum
506 3879 666 3937 auetoritate
691 3881 821 3952 legendus
842 3888 895 3936 est:
924 3881 994 3953 „daz
1014 3882 1035 3937 si
1056 3882 1109 3939 den
1131 3884 1160 3939 ei

110 3974 206 4029 leisten
226 3974 310 4030 vmbe-
325 3991 399 4031 swan
418 3975 448 4030 -ir
473 3976 553 4046 elage
571 3976 603 4032 vi
625 3977 704 4033 ienen
723 3977 746 4032 si
765 3976 836 4034 vnde
861 3993 935 4033 swan
960 3977 984 4032 si
1007 3978 1160 4035 benabeti

110 4069 171 4124 hina
190 4068 233 4123 im.
261 4069 330 4125 vnde
350 4070 449 4126 habent
469 4071 492 4126 si
511 4071 569 4127 niht
587 4071 712 4127 benabet.
738 4072 818 4128 vmbe
841 4089 914 4128 swan
934 4072 956 4128 si
977 4072 1134 4129 dannooh
1154 4074 1160 4130 1

110 4164 182 4218 bent.
203 4163 254 4219 dan
273 4164 314 4221 sol
330 4165 378 4220 der
393 4166 480 4222 rihter
495 4165 541 4221 die
559 4166 665 4236 hvrgen
685 4165 796 4222 heisaen
815 4164 938 4237 geben}
959 4168 976 4224 i.
992 4185 1016 4224 e.
1036 4169 1106 4223 etsi
1126 4185 1160 4224 no

110 4258 212 4330 aliquid
231 4260 436 4334 impetraverint
453 4266 577 4330 autores,
597 4260 775 4333 quodeunque
796 4262 922 4335 deinoeps
942 4259 1133 4333 („dannoeh”)
1154 4264 1160 4319 i

111 4355 207 4411 traturi
227 4355 288 4427 sint,
307 4356 361 4413 hoe
375 4357 462 4428 jndex
481 4355 654 4426 fidejussores
673 4356 781 4416 solvere
801 4356 854 4414 iilis
870 4357 972 4429 jubeat.
