2722 4898
199 508 353 603 ''Rerpm
376 512 540 579 saxonicus
562 511 639 573 iiber
661 529 701 572 ex
724 509 802 590 juris
824 506 990 571 communis
1012 507 1089 568 libro
1113 510 1281 584 conceptus
1347 543 1350 548 -

149 628 196 686 est
217 628 353 698 utquam
372 618 437 679 fieri
459 621 578 696 poterat
599 613 778 676 brevissime
802 611 969 688 exhiberet,
993 628 1071 690 quae
1087 628 1126 670 ex
1143 608 1281 688 ampliori

148 767 192 774 ka
205 767 273 773 ..-.-..
286 767 292 772 .
305 764 350 772 ...a

391 843 420 897 In
441 839 474 895 de
494 842 574 907 regte
593 841 711 908 wareyt3

369 936 501 1011 'bogene
521 932 559 988 sal
578 947 627 1002 uns
647 946 738 986 wesen
759 930 826 998 lert,

391 1029 443 1083 Dat
462 1027 485 1082 is
505 1027 552 1083 des
572 1043 623 1082 van
644 1024 808 1096 Ripeebowe
831 1028 909 1094 rapt3

347 1178 356 1185 ,
393 1123 501 1194 Legene
522 1119 708 1194 gesproebene
729 1119 847 1187 mistam,

393 1217 501 1287 Legene
522 1216 691 1286 geschreven
712 1214 734 1269 is
754 1229 807 1282 eyn
828 1209 905 1282 greis
926 1209 969 1264 val

392 1312 447 1367 Der
467 1310 538 1382 sele3
560 1309 608 1365 des
628 1308 664 1365 sit
683 1306 817 1379 gewarnit
838 1305 881 1377 ai3

392 1404 447 1461 We
468 1421 499 1461 so
520 1405 618 1478 legens
639 1402 761 1472 subruit,
836 1460 840 1467 ,

394 1498 590 1570 quergevene
610 1497 690 1554 blivit

392 1595 431 1650 De
452 1594 574 1665 iogelige
597 1592 712 1662 sueude3

392 1689 425 1744 Di
445 1689 509 1745 wite
530 1688 554 1743 ir
575 1693 623 1759 got
643 1685 765 1743 urkunde
869 1676 871 1680 ’

361 1786 366 1800 ’
395 1783 463 1856 Hayt
484 1800 516 1839 an
538 1782 588 1839 den
609 1782 643 1838 de
664 1780 748 1838 seda
769 1780 853 1849 lesen,

393 1879 430 1933 So
451 1894 527 1947 muys
550 1878 574 1932 ir
595 1892 776 1947 unvergessen
798 1870 916 1930 wesen.qq

227 1972 255 2029 ln
276 1971 377 2029 Codice
398 1971 607 2044 Guelferbytano
628 1971 743 2042 legitur:

392 2068 463 2138 „Das
483 2066 516 2121 ist
537 2067 583 2122 des
603 2082 675 2123 vorm
695 2067 834 2137 Repgowe
855 2063 926 2120 rat.''

227 2162 385 2233 Plerumque
407 2159 525 2216 ereditur
546 2177 639 2217 versus
659 2161 721 2217 illos
741 2161 882 2232 respicere
902 2158 991 2214 locum
1012 2159 1053 2224 (v.
1068 2155 1197 2224 86-88)
1219 2173 1286 2212 car-

150 2257 227 2313 minis
244 2257 315 2329 quod
335 2255 464 2311 saxonico
484 2257 595 2328 speculo
616 2254 792 2327 praefationis
813 2256 875 2310 ioco
889 2252 1063 2326 praemissum
1083 2252 1201 2323 legitur3
1222 2252 1287 2307 mibi

151 2357 244 2408 contra
264 2351 372 2407 videtur
392 2351 476 2422 ipsum
496 2336 618 2406 historici
638 2351 715 2421 bujus
740 2350 832 2422 operis
859 2349 1021 2422 scriptorem
1047 2347 1209 2418 elegantiori
1237 2347 1287 2402 sub

149 2445 236 2501 forma
256 2445 330 2500 bisce
351 2445 443 2501 verbis
468 2460 563 2500 nomen
586 2445 740 2518 prodidisse
763 2461 851 2514 suum,
872 2443 1094 2515 quemadmodum
1116 2448 1144 2497 et
1163 2442 1287 2515 pictores

149 2528 220 2595 baud
241 2554 304 2594 raro
324 2539 394 2595 inter
416 2540 481 2595 alias
497 2556 625 2611 personas
645 2557 718 2595 suam
732 2555 837 2610 quoque
858 2537 977 2608 effigiem
998 2538 1025 2593 in
1046 2537 1144 2593 tabuiis
1165 2535 1287 2608 conspici

149 2633 257 2689 faciunt.
299 2632 375 2699 Quod
401 2640 476 2689 recte
503 2634 674 2706 interpretati
700 2635 770 2689 illius
796 2633 890 2689 aetatis
914 2632 1036 2688 homiues
1063 2632 1195 2688 annalium
1216 2631 1287 2686 bunc

150 2729 247 2784 librum
267 2734 407 2799 acceptum
428 2729 544 2785 tulerunt
557 2729 657 2784 Ecconi
679 2728 713 2784 de
727 2728 888 2801 Repecbove
909 2726 1003 2798 equiti,
1024 2727 1069 2798 qui
1091 2744 1150 2781 eum
1164 2727 1287 2797 liugero,

150 2822 248 2877 comite
270 2821 303 2876 de
317 2821 497 2893 Faikensteim
518 2825 593 2895 cujus
615 2822 735 2879 militiam
756 2823 927 2894 sequebatur,
948 2822 975 2876 in
991 2819 1129 2894 Sophiam,
1151 2821 1286 2888 Quadiin-

149 2916 311 2987 burgensem
341 2916 501 2972 abbatissam
534 2917 676 2973 seditiosus
706 2916 839 2972 Friderici
873 2915 982 2971 secundi
1015 2914 1187 2988 imperatoris
1217 2931 1287 2971 aevo

149 3024 273 3079 maguam
294 3007 363 3062 inter
384 3010 504 3066 Saxones
529 3012 626 3068 famam
647 3011 752 3066 videtur
776 3010 888 3082 adeptus
914 3027 981 3067 esse.
1022 3010 1091 3066 Veri
1116 3026 1285 3082 nequaquam

152 3100 277 3156 dissimile
299 3108 348 3172 est,
372 3118 407 3156 ex
427 3101 509 3157 latino
529 3105 662 3161 annalium
683 3104 795 3176 quodam
817 3104 889 3161 libro
911 3105 945 3161 ad
966 3106 1070 3162 comitis
1091 3106 1194 3177 Hogeri
1215 3121 1286 3177 pre-

152 3211 196 3251 ces
216 3195 350 3251 Ecoonem
372 3195 532 3252 Gbronieam
558 3218 629 3257 suam
650 3200 796 3257 vernaculo
822 3201 1002 3273 composuisse
1022 3216 1146 3256 sermone
1167 3206 1212 3256 aut
1232 3217 1285 3256 ve-

149 3289 426 3363 tustiorem'aiiquem
446 3291 579 3347 annalium
600 3292 695 3350 librum
717 3295 811 3350 clerici
832 3295 970 3366 cujusdam
985 3312 1039 3369 ope
1059 3296 1086 3352 in
1102 3295 1286 3368 germanicum

149 3383 250 3440 idioma
271 3402 304 3440 ex
324 3386 408 3441 latino
429 3403 552 3442 sermone
573 3403 732 3443 conversum
752 3391 785 3446 ad
806 3407 881 3446 suam
901 3407 984 3461 usque
1005 3396 1120 3447 aetatem
1141 3390 1287 3446 deduxisse

151 3478 222 3547 quod
244 3480 400 3536 alterutrum
420 3487 561 3551 sequentes
581 3481 701 3537 indicare
721 3480 844 3536 videmu-
861 3486 989 3542 versieuli
1011 3485 1214 3554 (Remissorium
1238 3486 1287 3539 mit

150 3579 243 3627 sammt
264 3573 324 3629 dem
345 3573 533 3647 Weicbbiide3
554 3575 781 3647 Augsb.1499):

394 3667 476 3739 „Gott
497 3670 567 3738 gebe
588 3671 678 3726 seiner
697 3670 753 3725 sele
773 3677 816 3726 rat

392 3763 447 3818 Der
468 3762 522 3818 diss
542 3764 613 3820 bueb
631 3756 751 3837 sttichte
771 3765 832 3836 bat3
858 3765 860 3768 ’

391 3857 449 3912 Ecir
470 3855 522 3914 von
543 3850 676 3932 usp&

334 4002 340 4011 ,
393 3951 457 4006 Scin
477 3952 566 4026 pflege
587 3970 667 4009 unser
687 3953 757 4023 frou,

391 4045 443 4100 Das
463 4047 512 4102 der
532 4048 601 4102 seins
621 4048 679 4103 lons
699 4055 785 4104 warte

392 4139 422 4194 ln
442 4141 488 4196 des
508 4142 612 4210 hymels
634 4149 723 4214 garte⁷

392 4233 445 4289 Des
465 4235 562 4292 bittent
583 4236 619 4292 all
640 4253 693 4307 gen
713 4245 783 4309 gott⁷

393 4327 507 4388 bicbael
527 4348 576 4405 sep
596 4330 646 4389 der
665 4332 735 4406 hott,
