2722 4898
603 389 647 418 ..·
689 366 839 435 230·-

311 545 392 613 [llaec
411 551 494 597 autem
509 543 575 610 jura,
593 559 712 613 quaeque
726 543 845 609 deinceps
861 541 893 593 dc
908 539 997 592 avibus
1014 540 1046 591 in·
1058 537 1110 591 boc
1125 535 1191 589 libro
1202 546 1290 604 sepc-

259 636 355 685 n'antur
378 649 393 684 a
416 630 507 683 Carolo
530 647 622 699 magno
645 646 696 682 non
720 629 857 683 accedente
880 626 1003 694 pontilicis
1027 625 1118 678 Leonis
1143 625 1292 676 auctoritate

259 727 350 772 statuta
369 716 447 783 esse]

534 837 589 891 XX.
619 838 662 890 De
688 836 912 904 accipitribus.

312 958 411 1026 Caput
429 922 487 1010 344.
517 956 557 1008 Ex
574 957 637 1010 tituli
656 957 730 1023 hujus
749 957 873 1024 capitibus
892 955 967 1007 1-3.

311 1044 413 1112 Caput
429 1044 488 1096 345.
518 1043 557 1094 Ex
576 1044 688 1133 ejusdem
707 1044 771 1095 tituli
789 1043 913 1110 capitibus
930 1041 1007 1092 4—6.

234 1153 393 1214 Tractatus
423 1149 460 1211 de
494 1149 720 1229 probationibus
754 1166 841 1230 pars,
876 1147 1050 1227 priusquam
1079 1142 1292 1224 Bajuariornm

155 1255 234 1338 legis
257 1254 333 1317 tituli
355 1252 556 1331 inferrentur,
587 1253 759 1314 cohaerens
788 1252 880 1333 capiti
903 1249 965 1312 332
989 1248 1027 1309 de
1055 1248 1147 1309 rebus
1172 1245 1292 1310 furtivis

157 1358 235 1438 apud
258 1358 346 1420 alium
368 1356 497 1418 inventis
520 1354 690 1418 babendum
713 1362 760 1416 est
783 1342 872 1435 caput
887 1351 959 1430 347,
985 1351 1032 1413 cui
1051 1350 1090 1413 ob
1112 1351 1210 1414 simile
1235 1368 1292 1412 ar-

156 1467 329 1542 gumentum
350 1459 549 1540 praemissum
571 1478 652 1521 nunc
675 1459 788 1542 legitur
810 1465 900 1538 caput
922 1453 997 1519 346.

235 1571 342 1644 Caput
364 1564 427 1626 346.
462 1571 501 1626 De
521 1571 654 1627 thesauris
677 1570 836 1643 inproprie
858 1568 901 1626 vel
921 1568 1016 1637 alieno
1041 1567 1101 1624 solo
1122 1568 1291 1639 repertis¹).

234 1666 343 1741 Caput
363 1666 418 1723 347
439 1665 488 1721 lit.
505 1683 529 1723 a.
564 1665 603 1720 De
623 1665 748 1721 thesauro
769 1664 796 1719 in
817 1663 860 1721 aia
880 1663 988 1739 publica
1008 1669 1129 1736 reperto.

232 1759 350 1841 Caput
371 1759 434 1823 347
456 1761 510 1826 lit.
533 1761 562 1824 b.
606 1760 653 1822 De
683 1759 971 1840 proclamationibus
1002 1759 1040 1821 ob
1069 1758 1209 1821 inventas
1240 1775 1293 1820 res

155 1867 288 1947 perditas
306 1863 463 1927 faciendis.
502 1863 818 1937 Quemadmodum
841 1862 1014 1926 dominus
1035 1862 1190 1944 probet,
1211 1879 1291 1924 rem

156 1970 348 2034 inventam
375 1986 392 2030 a
418 1984 458 2030 se
487 1968 676 2048 perditam
705 1984 805 2030 esse.
1356 1964 1358 1970 '

234 2071 377 2134 Similiter
405 2072 443 2134 ad
476 2071 577 2161 loornn
605 2071 643 2133 de
673 2070 902 2152 probationibus
931 2068 1126 2133 referendum
1154 2076 1203 2132 est
1231 2087 1292 2132 ca-

156 2183 209 2256 put
225 2172 309 2254 349,
338 2175 387 2238 cui
415 2173 591 2238 illustrando
621 2174 692 2238 olim
721 2175 869 2256 adjectum
897 2181 964 2237 erat
987 2157 1188 2254 praemissum
1209 2191 1292 2236 nunc

158 2286 248 2362 caput
269 2277 343 2343 348.

234 2379 340 2452 caput
363 2381 419 2436 348
445 2380 479 2435 de
505 2380 638 2437 tutoribus
665 2381 873 2452 constituendis,
899 2397 1014 2454 quocum
1040 2378 1294 2469 conterendasmt

159 2475 247 2547 capita
268 2474 371 2547 primae
392 2474 561 2530 collectionis
582 2476 618 2531 59
640 2482 665 2531 et
686 2475 731 2532 65.

236 2569 357 2653 Caput
379 2569 451 2632 349.
492 2571 750 2644 Quemadmodum
772 2579 853 2647 tutor
877 2578 1038 2652 corruptae
1063 2589 1080 2633 a
1103 2588 1137 2634 se
1160 2570 1299 2652 pupillae

158 2690 230 2737 reus
253 2672 341 2755 bujus
364 2673 498 2736 criminis
522 2692 557 2738 se
579 2675 772 2738 innocentem
795 2692 865 2738 esse
888 2660 1038 2758 probet.

312 2780 415 2851 Caput
433 2782 492 2837 350.
526 2783 568 2835 Ad
591 2785 679 2853 capitis
701 2783 752 2835 348
773 2785 865 2836 verba:
888 2801 966 2848 „wen
989 2784 1027 2836 sol
1051 2783 1100 2836 den
1123 2783 1222 2836 kindcn
1246 2784 1296 2837 den

259 2869 313 2922 nivt
330 2885 362 2920 ne
378 2868 486 2938 phleger
504 2870 588 2938 geben
610 2871 667 2923 dcr
686 2870 712 2921 ir
730 2878 821 2923 vater
837 2878 882 2922 tot
899 2871 990 2923 vient
1008 2870 1101 2923 wan‘*

311 2954 350 3007 lie
368 2956 496 3023 parricidii
513 2957 611 3024 poenis.

235 3050 341 3124 Capul
360 3051 425 3108 351.
455 3053 499 3109 Ad
513 3053 608 3126 capitis
623 3053 679 3109 349
693 3054 792 3110 verba:
813 3054 907 3125 „lst'
883 3072 927 3139 ern
941 3071 1000 3111 man
1014 3054 1089 3112 einer
1103 3053 1295 3112 iuncl'rouwen

157 3146 288 3217 pulsarer
307 3145 378 3202 vnde
398 3147 439 3202 ist.
461 3145 511 3204 dan
532 3165 562 3204 er
583 3149 605 3204 si
624 3148 757 3227 bebuoret
772 3178 807 3188 -

235 3240 274 3296 Ne
300 3238 361 3296 data
388 3258 422 3297 ex
448 3242 624 3299 contubernio
650 3243 792 3299 occasione
817 3248 910 3317 stupra
935 3244 999 3300 fiant
1024 3214 1171 3320 separatim
1196 3252 1294 3304 custo-

158 3334 270 3392 diendos
291 3351 350 3392 esse
370 3337 508 3409 utriusque
528 3354 608 3394 sexus
629 3338 759 3410 captivos.

235 3429 326 3497 Qualis
347 3447 362 3485 a
382 3447 492 3488 reorum
512 3433 666 3488 custodibus
687 3432 828 3503 diligentia
849 3433 999 3490 adhibenda
1020 3433 1063 3492 sit.
1087 3465 1090 3469 ·

313 3531 415 3601 Caput
432 3534 490 3586 352.
527 3533 640 3596 Quorum
664 3535 785 3588 sumtibus
808 3535 925 3604 publicae
947 3536 1079 3589 custodiae
1100 3536 1225 3590 mandatis
1244 3536 1294 3589 ali-

260 3627 344 3669 menta
361 3620 507 3686 praebenda
525 3622 581 3672 sint.

312 3702 415 3772 Caput
432 3705 490 3758 353.
529 3694 745 3769 Quemadmodum
768 3677 836 3761 linita
860 3708 987 3763 custodia
997 3709 1091 3776 captiui
1114 3707 1184 3762 bona
1210 3726 1296 3765 suaa

259 3790 406 3859 propinquis
424 3792 555 3859 recipiant.

238 3884 358 3968 Caput
379 3886 451 3951 354.
487 3889 640 3953 Paterni
663 3891 891 3956 testamenti
912 3893 1068 3959 tabulas
1085 3910 1148 3958 non
1166 3847 1297 3963 obstare

157 3985 260 4052 liberis
282 3990 348 4053 sine
368 3989 451 4070 justa
473 4010 567 4058 causa
590 3993 795 4095 exlmredatis.

235 4185 265 4256 t)
286 4187 466 4251 Bertholdi
486 4191 676 4266 ratisponensis
693 4195 776 4251 verba
797 4201 870 4251 sunt:
893 4195 974 4269 „dass
989 4184 1148 4256 bimclri'cbe
1169 4201 1298 4271 gelicbet

157 4279 245 4340 einen
264 4282 348 4338 acken
368 4280 440 4340 eto.''
465 4293 550 4343 sumta
576 4305 611 4344 ex
637 4288 732 4345 eodem
752 4289 800 4346 illo
821 4307 945 4349 sermone
966 4292 1110 4361 (Goehcl
1129 4295 1164 4367 ll,
1183 4312 1214 4368 p.
1231 4297 1298 4367 59),

157 4376 203 4450 qui
221 4376 356 4450 prooemii
375 4377 464 4436 locum
484 4380 518 4441 dc
538 4380 640 4458 duplici
659 4382 813 4457 gladiorum
832 4393 967 4461 potestate
985 4372 1178 4468 suppeditavit.
