2722 4898
553 370 768 435 ..19-

91 544 231 607 subnexa
259 543 404 627 leguntur
432 543 526 607 verba
561 544 599 607 de
632 545 781 625 pontilicis
811 544 949 610 Silvestri
982 554 1012 610 et
1040 546 1227 615 Constantini

90 647 285 728 imperatoris
318 647 579 710 constitutionibus
593 651 633 723 ι)-
652 667 691 712 66
718 667 817 731 neque
851 669 892 713 ex
924 651 1151 717 adnotationum
1178 655 1228 718 illa

89 750 294 832 suppellectili
315 769 415 831 neque
438 752 552 832 primae
576 753 696 814 omnino
719 754 892 833 scriptionis
915 762 1000 834 sunt,
1033 756 1090 819 scd
1119 765 1227 838 poste-

90 855 184 917 rioris
208 853 365 936 cujusdam
388 855 508 918 scribae
532 855 647 918 notatio
669 874 711 919 ex
733 853 872 919 Gratiani
894 857 1020 920 decreto
1031 860 1075 938 ²),
1098 860 1228 941 inopor-

90 965 164 1021 1660
187 964 289 1021 tamen
311 958 379 1021 loco
403 959 535 1037 inserta,
564 976 633 1021 nam
660 960 792 1040 pertinet
819 978 880 1022 006
903 961 943 1024 66
963 962 1064 1025 locum
1088 961 1126 1026 de
1149 982 1226 1044 pro·
1341 1014 1348 1029 .

27 1092 31 1099 ·
90 1061 319 1142 scriptionibus,
342 1062 397 1125 sed
421 1060 459 1124 ad
481 1062 575 1124 verba
599 1063 637 1126 de
661 1064 799 1125 stratoris
823 1062 933 1128 016610.
1228 1127 1233 1136 ,

176 1165 307 1229 Brevior
322 1165 461 1228 saxonici
475 1164 543 1228 libri
557 1164 715 1246 praefatio,
733 1173 856 1247 „textus
871 1168 1011 1252 prologi’
1029 1171 1228 1237 communiter

87 1276 217 1348 vocata,
251 1286 330 1350 quae
362 1269 394 1331 10
429 1268 699 1351 quedlinburgensi
734 1271 873 1351 exemplo
900 1272 997 1352 ipsius
1025 1275 1127 1354 operis
1155 1293 1227 1356 pars

86 1380 231 1454 apparet,
265 1389 407 1453 quaeque
435 1379 522 1436 vetus
552 1373 705 1454 interpres
733 1373 848 1436 Ecconi
878 1373 1023 1438 adscribit
1033 1378 1078 1457 ³),
1107 1379 1227 1443 omissis

87 1495 169 1557 quae
199 1476 237 1538 de
265 1476 375 1556 triplici
401 1474 530 1539 bominis
560 1477 705 1559 dignitate
740 1477 838 1556 deque
871 1495 947 1558 pace
975 1479 1007 1540 in
1035 1480 1126 1544 terris
1155 1499 1226 1544 ser-

86 1580 191 1645 vanda
219 1578 398 1643 bertholdus
427 1578 573 1643 bavarico
602 1579 742 1661 scriptori
771 1581 1032 1663 suppeditaverat,
1068 1583 1227 1648 admodum

87 1691 248 1747 contracto
276 1684 346 1747 loco
376 1681 413 1746 de
441 1683 543 1747 mundi
572 1678 728 1745 creatione
750 1691 781 1744 et
803 1683 842 1746 de
864 1683 1023 1766 redempto
1046 1704 1102 1766 per
1125 1687 1226 1750 domi-

85 1807 160 1851 num
183 1787 366 1851 salvatorem
384 1805 501 1870 genere
517 1786 646 1850 humano
670 1787 768 1849 statim
791 1786 943 1870 subjungit
960 1788 1057 1852 breve
1075 1788 1227 1868 quoddam

85 1892 234 1954 monitum
251 1890 291 1954 de
313 1891 520 1954 custodiendis
542 1891 644 1973 legum
661 1891 845 1971 praeceptis,
869 1891 1055 1971 ineptissime
1077 1909 1119 1954 ex
1142 1891 1226 1954 chri-

86 1997 257 2058 stianorum
289 2013 396 2078 regum
426 1994 612 2058 Constantini
640 2001 670 2056 et
700 1992 801 2056 Careli
829 1994 931 2077 magni
960 1994 1225 2061 constitutionibus

85 2099 232 2163 saxonici
248 2099 328 2180 J'uris
352 2098 488 2181 origines
511 2099 711 2179 repetens4).

175 2202 452 2266 Praestantissimus
474 2201 525 2263 ille
545 2202 582 2265 66
601 2201 679 2263 61616
699 2200 809 2283 gladiis
830 2200 928 2281 locus,
952 2219 1042 2282 quem
1063 2202 1226 2267 bavaricus
1347 2274 1355 2285 .

85 2307 223 2387 scriptor
251 2306 402 2387 aptissime
434 2323 475 2367 ex
502 2304 667 2368 Bertboldo
697 2304 799 2384 allent,
835 2305 1027 2368 commissam
1055 2305 1227 2388 gladiorum

84 2404 331 2495 potestatem'ex
349 2426 387 2472 eo
406 2407 562 2472 deducens
582 2406 664 2488 quod
682 2406 765 2471 Deus
785 2408 836 2487 qui
854 2425 962 2491 pacem
976 2409 1008 2471 in
1026 2408 1227 2474 1600660001-

83 2678 289 2754 praedictorum
319 2675 409 2748 aliquo
435 2674 516 2732 modo
542 2674 620 2731 nobis
650 2673 817 2744 constiterit,
848 2679 940 2732 nostra
966 2675 1132 2748 proscriptio
1158 2675 1227 2732 sub-

83 2779 231 2847 sequetur,
255 2787 309 2828 606
331 2769 485 2829 revocanda
510 2770 560 2827 nisi
587 2769 662 2843 prius
688 2768 931 2826 excommunicatio
958 2767 1124 2826 reseretur.''
1159 2772 1226 2826 Pera

84 2870 164 2942 legg.
179 2869 213 2940 ll,
232 2867 298 2926 236.

167 2964 198 3034 1)
220 2964 315 3035 „bitae
335 2962 413 3018 recht
432 2967 505 3018 satae
526 2966 601 3018 sante
624 2960 754 3018 silvester
776 2955 849 3015 etc.''
910 2998 917 3009 ,

165 3060 199 3129 2)
222 3059 251 3115 C.
267 3055 366 3129 1014
384 3053 530 3127 cxcvi,
558 3053 592 3112 ad
612 3072 691 3129 quem
716 3056 806 3111 locum
827 3053 1001 3111 conferantur
1020 3053 1227 3113 laurentius

84 3154 192 3212 Valla
212 3153 336 3211 6616160
357 3146 461 3209 0066116
481 3157 510 3207 61
529 3151 657 3207 66661116
671 3149 836 3207 Constantini
853 3149 1009 3220 donatione,
1029 3149 1070 3206 in:
1092 3148 1226 3207 Sobar-

84 3250 165 3306 dius
185 3249 220 3305 de
235 3248 426 3320 jurisdictione
445 3247 541 3320 imper.
562 3246 621 3303 Bas.
634 3245 716 3302 1566.
731 3263 758 3320 p.
773 3244 843 3315 tas,
864 3244 980 3301 11111666
1000 3244 1041 3300 in:
1063 3245 1226 3302 vermiscbtc

83 3344 182 3402 histor.
197 3342 335 3401 Scbrilteu
354 3343 415 3400 Β.2
437 3341 604 3413 (ludwigsb.
618 3339 706 3410 1828)
728 3340 781 3397 666
801 3339 927 3396 Bienor
947 3337 981 3395 66
1001 3339 1063 3396 6011.
1081 3355 1140 3395 660.
1157 3340 1225 3399 6661.

85 3456 209 3514 graecae
229 3457 257 3513 p.
273 3439 317 3496 72.

165 3533 279 3604 3)(110.
301 3533 335 3590 66
361 3531 544 3607 prooemium:
573 3530 648 3602 „llie
673 3531 756 3587 bebet
780 3531 830 3586 ber
854 3528 913 3586 Eck
933 3545 984 3586 van
1003 3527 1124 3601 llepltavr
1145 3544 1178 3585 an
1197 3529 1227 3588 in

85 3631 205 3687 Teutscb
230 3647 261 3686 nr
286 3627 476 3700 bringendas
500 3625 667 3683 lateiniscbe
692 3624 866 3699 privilegium
890 3625 937 3681 666
958 3622 1147 3681 Constantinus
1172 3624 1227 3682 und

87 3725 204 3781 Carolus
224 3724 310 3798 beyde
325 3723 484 3781 boemiscbe
497 3721 605 3791 llevser
626 3719 675 3775 aui
691 3720 752 3776 eine
765 3720 825 3777 Zeit
844 3719 933 3792 geben
953 3718 1005 3775 den
1023 3716 1155 3776 Sacbssen
1175 3734 1226 3777 vor

86 3819 175 3876 llecbt
195 3816 269 3876 etc.''

168 3915 202 3982 4)
229 3912 330 3971 Omissa
356 3911 491 3987 pontilicis
517 3911 643 3970 silvestri
667 3909 802 3967 mentione
828 3907 994 3965 manifestum
1020 3914 1061 3965 est
1087 3907 1156 3966 male
1181 3906 1227 3965 bio

86 4008 218 4081 conjungi
242 4025 311 4081 quae
337 4007 371 4064 66
398 4007 502 4064 6066116
526 4005 691 4063 Constantini
717 4004 861 4061 donatione
888 4001 921 4057 ad
947 4003 1103 4060 bavaricam
1128 4003 1226 4059 librum

85 4102 228 4176 posterior
248 4104 356 4176 quidam
375 4103 510 4176 interpres
530 4107 682 4172 notaverat,
705 4116 826 4172 quaeque
847 4097 974 4172 deinceps
995 4098 1099 4166 (baasb.
1122 4113 1181 4169 cap.
1198 4095 1225 4156 1.

85 4199 127 4255 lit.
149 4199 191 4268 b.)
219 4198 253 4254 de
274 4200 345 4270 iuris
371 4197 478 4268 origine
505 4213 540 4253 ex
566 4195 657 4252 diviua
681 4195 863 4264 institutione,
893 4193 1099 4250 christianorum
1128 4207 1224 4264 regum

86 4291 339 4365 constitutionibus,
365 4293 477 4350 decreto
504 4297 532 4348 et
557 4290 733 4349 decretalium
757 4289 833 4347 libris
858 4288 982 4362 proiecta
1005 4289 1063 4362 ipse
1083 4286 1225 4345 bavaricus

86 4387 209 4462 scriptor
229 4387 334 4462 plenius
353 4388 402 4449 sub
422 4388 510 4449 611000
528 4385 714 4461 bajuariorum
733 4384 803 4458 legis
822 4383 902 4443 titulo
923 4381 1055 4459 exposuit.

977 4488 1019 4549 211
