2722 4898
544 333 779 398 -119-

154 501 306 582 'Suspendi
328 503 519 584 judiciariam
545 516 637 588 pote·
746 510 900 584 „Niemcn
925 513 956 574 is
981 515 1059 577 occis
1078 517 1230 597 plicirtici

125 611 209 665 statem
222 604 342 684 judicis,
366 609 418 687 qui
436 609 506 688 jura
529 618 638 689 postu·
690 611 746 672 des
768 613 921 697 richimer
939 616 1016 696 diop
1035 638 1075 679 uu
1097 621 1230 683 sacione

58 794 61 809 Ι
124 706 229 769 lantibus
255 707 388 772 reddere
411 711 636 774 detrectaverit.
689 715 768 775 noctu
798 717 918 779 recites
950 720 994 780 im
1024 741 1063 782 su
1088 723 1227 801 ptepcne.

688 816 741 878 die
757 819 827 880 wile
842 819 898 881 iuer
912 822 994 883 sethe
1009 823 1131 886 coclites
1149 827 1229 887 scei-

688 927 759 997 pert
781 921 866 985 hut.”

167 1011 267 1086 Caput
293 1014 357 1071 175.
398 1017 441 1072 Ad
467 1017 562 1090 capitis
584 1019 639 1073 174

124 1106 201 1177 rerba:
219 1109 329 1178 „Secedi
345 1110 435 1166 rietes
451 1113 511 1167 coit
528 1129 563 1167 eo
578 1113 640 1166 rid-

124 1206 152 1255 tct
167 1202 220 1258 oisc
237 1203 276 1258 iss
293 1205 424 1278 peclepet
444 1207 507 1261 acirt
521 1202 589 1261 -”.·

166 1296 320 1353 Praeconem
337 1299 382 1370 qui
397 1299 497 1370 judicis
518 1300 638 1355 mandata

124 1404 169 1458 uon,
183 1399 257 1463 prout
272 1392 323 1447 sibi
333 1394 434 1464 jussum
449 1401 517 1464 erat,
535 1411 639 1449 execu-
712 1419 715 1423 ⁴
761 1429 768 1437 ·

124 1488 154 1536 tus
168 1483 246 1555 tuerit,
264 1487 344 1556 quive
354 1487 440 1557 judici
456 1488 640 1560 patefacienda

125 1577 245 1649 vetaverit„
275 1587 319 1635 aut
345 1582 484 1637 reticenda
511 1582 639 1652 divulga-

125 1671 177 1726 verit
193 1674 299 1744 triginta
319 1675 426 1731 fustium
448 1677 535 1749 plagis
556 1678 638 1731 casti-

126 1765 217 1831 gandum
236 1774 344 1838 esse¹).
848 1847 1058 1905 Emblemata

744 1940 802 1996 Art.
819 1941 863 1996 63.
895 1943 934 1998 De
952 1942 1097 2000 homicidio
1114 1944 1141 2000 in
1157 1941 1229 2017 justa

688 2035 729 2091 sui
750 2036 832 2108 ipsius
853 2035 1011 2093 defensione
1031 2031 1179 2096 commisse.

745 2131 804 2186 Art.
827 2130 863 2185 63
889 2131 995 2187 verbis:
1027 2133 1229 2202 „spetunca

686 2241 740 2288 cor
764 2225 891 2297 pericdte
914 2221 982 2281 -”:
1013 2226 1047 2282 de
1076 2244 1154 2283 mann
1183 2228 1229 2285 vet

687 2319 826 2390 perdenda
846 2320 890 2375 vel
914 2320 1069 2378 redimenda
1084 2339 1127 2390 ex
1150 2312 1228 2380 oons'-

686 2413 765 2468 missa
796 2415 896 2470 actoris
925 2415 1049 2471 cautione
1077 2415 1112 2472 de
1140 2417 1227 2482 susci-

687 2507 785 2579 piende
822 2510 863 2564 rei
902 2508 1059 2566 defensione
1100 2510 1229 2568 adversm

684 2602 794 2672 tertium
820 2602 931 2658 eandem
952 2604 986 2659 ob
1008 2620 1114 2661 causam
1140 2603 1228 2662 denuo

688 2701 813 2766 agentem
823 2699 860 2764 ¹).

109 2889 158 2951 'hoc
174 2908 248 2974 caput
274 2901 515 2957 additamentorum
541 2902 574 2957 ad
601 2902 733 2974 antiquam
755 2901 939 2972 Bajuariorum
965 2901 1055 2972 legem
1079 2918 1142 2974 pars
1163 2902 1228 2957 oiim

118 2985 204 3065 uisset,
232 2996 332 3051 referri
356 2997 424 3052 haec
451 2997 578 3066 allegatio
603 3002 693 3067 posset
720 2995 753 3049 ad
784 3001 873 3049 uotam
904 2996 961 3066 ejus
991 2995 1062 3066 legis
1087 2995 1168 3068 capiti
1190 2995 1226 3050 17

118 3081 177 3142 titulo
195 3090 218 3144 11
238 3089 407 3161 adscriptam.
449 3089 506 3144 Hoc
533 3106 596 3143 sane
623 3089 850 3143 evidentissimum
877 3095 930 3159 est,
955 3096 1095 3161 utramque
1121 3082 1229 3161 obffln

59 3154 69 3171 ’
116 3173 135 3232 in
154 3181 201 3238 hoc
226 3184 314 3256 capite
340 3184 527 3254 allegationem
553 3199 587 3237 ex
613 3183 667 3237 atio
693 3182 808 3253 quodam
834 3183 921 3253 tonte,
948 3183 992 3238 cui
1016 3189 1088 3239 totus
1114 3166 1227 3239 debetur

114 3269 183 3347 locus,
201 3294 330 3347 manuue,
349 3279 419 3349 quod
436 3277 585 3333 certissime
602 3277 710 3346 indicam
730 3277 885 3332 bavaricum
906 3277 1076 3350 scriptorem,
1097 3278 1140 3348 qui
1156 3277 1227 3331 atte-

114 3372 188 3436 gantia
209 3373 255 3428 iiia
274 3373 359 3427 verba
385 3372 566 3444 imprudenter
591 3371 715 3440 retinuit,
741 3387 799 3426 non.
819 3371 974 3427 saxonicum
995 3373 1039 3442 qui
1063 3387 1095 3425 ea
1116 3370 1228 3440 delevit,

113 3458 182 3533 ipsum
202 3466 393 3538 adiisseillum
413 3467 521 3522 iontem.

177 3561 206 3630 1]
227 3561 296 3616 itale
316 3562 504 3633 transpositum
524 3562 594 3616 hunc
614 3560 704 3615 locum
725 3560 868 3615 saxonicus
889 3559 1005 3632 scriptor
1027 3558 1135 3613 exhibet
1156 3557 1226 3613 usti-

112 3654 161 3710 culo
180 3656 232 3726 ot,
258 3655 304 3711 ubi
324 3672 359 3710 ex
384 3655 503 3711 instituta
528 3654 648 3711 bavarici
673 3653 736 3709 iibri
760 3654 864 3708 ratione
891 3653 924 3708 de
945 3652 1106 3725 pecuniariis
1126 3656 1227 3706 tantum

110 3751 193 3816 poenis
213 3749 346 3820 agendum
367 3749 470 3805 suisset.

144 3863 149 3877 ·
175 3845 208 3914 2)
230 3844 413 3916 Suppiementi
427 3844 514 3915 huJus,
533 3844 619 3899 hausti
636 3860 670 3898 ex
680 3844 741 3914 jure
759 3842 912 3913 municipali
927 3839 1055 3896 saxonico
1070 3843 1133 3908 (art.
1147 3837 1228 3909 114),

109 3938 270 3993 occasionem
291 3938 416 4010 praebuit
436 3954 521 4010 poena
543 3937 696 4009 perdendae
717 3955 807 3992 manus
826 3936 863 3991 ‘ob
883 3935 1017 3989 hominem
1036 3933 1080 3988 vei
1097 3932 1226 3987 vulnera-

109 4033 155 4086 tum
167 4033 211 4089 vei
226 4032 401 4102 debilitatum,
421 4049 498 4104 quam
518 4048 631 4102 sequens
646 4031 767 4088 bavarici
787 4030 850 4085 libri
871 4035 951 4100 caput
971 4035 1110 4097 memorat,
1130 4043 1226 4098 quam-

110 4139 152 4194 que
176 4128 211 4183 ob
237 4128 388 4198 argumenti
412 4126 609 4182 similitudinem
635 4126 743 4181 turbato
774 4125 830 4195 ejus
861 4123 924 4178 iibri
950 4122 1045 4177 ordine
1070 4122 1114 4176 hic
1138 4120 1228 4175 statim

110 4220 239 4291 subjanxit
263 4223 404 4279 saxonicis
428 4224 545 4293 scriptor
571 4221 676 4276 verbis:
703 4220 807 4289 „Smer
834 4217 885 4272 deu
911 4217 1030 4273 anderen
1055 4216 1136 4270 temet
1161 4213 1227 4268 oder

110 4315 210 4372 uuudet
227 4311 289 4373 -.”
