2722 4898
542 351 778 419 -l'll-

119 525 230 602 quaein
252 525 420 615 traetendis
443 526 535 591 rebus
557 526 636 589 ratio
658 525 829 605 obtinuerit,
844 524 912 588 'nisi
934 525 1065 590 adhibito
1082 526 1251 591 bovarico

119 628 238 709 exemplo
260 629 299 692 ud
321 629 505 713 Ansegisurn
529 629 649 709 colluto,
672 629 858 711 deprehendi
881 630 1003 693 omnino
1025 638 1167 711 nequeat.

627 828 633 836 ,
738 786 798 842 Art.
816 785 870 841 110
888 785 992 841 verbis:
1018 785 1118 856 „Seuer
1136 787 1229 842 wodor

688 879 794 938 esebet.
828 882 883 937 doz
913 881 965 937 ber
993 879 1128 954 oirpeben
1159 880 1228 937 oder

688 974 817 1045 virbouft
839 971 920 1032 but”.·

739 1070 803 1124 Rem
820 1083 855 1125 ex
867 1069 1030 1126 venditionis
1045 1075 1089 1125 aut
1103 1083 1227 1126 nonnio-

687 1163 743 1219 dati
763 1179 846 1219 causa
868 1163 994 1221 traditam
1018 1165 1042 1221 si
1061 1163 1227 1220 dissimulans

687 1257 874 1315 conventionis
898 1259 977 1316 fldem
1003 1266 1108 1332 repetat
1136 1257 1227 1315 dorni-

686 1369 750 1424 nus,
770 1354 927 1411 absolvatur
946 1371 1026 1427 reus,
1051 1353 1228 1410 semettertius

687 1453 717 1503 ut
738 1447 836 1504 dieitur
858 1449 998 1521 negotium
1022 1455 1126 1520 gestum
1149 1448 1227 1504 affir-

687 1558 769 1601 mans.
805 1574 808 1579 ·
868 1551 870 1555 ’

737 1637 872 1695 Venditor
886 1637 1061 1695 ‘evictionem
1085 1643 1228 1711 proestare

687 1732 782 1789 nolens
802 1749 854 1807 pro
874 1733 934 1789 iure
953 1733 1106 1805 babeatun‘
1122 1733 1173 1789 nisi
1194 1732 1228 1787 de

685 1843 738 1884 non
772 1827 933 1902 praestanda
964 1827 1102 1884 evictione
1136 1843 1228 1884 eoram

686 1923 801 1999 testibus
827 1925 993 1982 convenerit.

737 2024 798 2076 Art.
813 2018 879 2076 111.
908 2019 970 2075 l‘ro'
981 2019 1086 2075 latrone
1102 2018 1147 2073 vel
1167 2016 1228 2073 ture

580 2110 582 2113 ’
686 2130 740 2170 uon
765 2114 915 2171 babendum
945 2131 1021 2184 esse,
1052 2113 1097 2185 qui
1125 2117 1227 2168 semet-

686 2209 782 2267 tertius
801 2215 835 2265 ut
850 2208 948 2265 dieitur
968 2209 1084 2265 aliirmet
1103 2225 1171 2279 rern,
1194 2208 1228 2263 de

687 2321 739 2377 qua
760 2305 859 2379 agitur,
880 2320 895 2361 a
913 2305 1020 2361 domino
1040 2304 1129 2377 palam
1149 2316 1227 2358 oom-

686 2401 821 2458 nodatam
841 2401 892 2457 sibi
912 2406 957 2457 aut
972 2398 1132 2457 venditionis
1149 2412 1228 2453 oansu

688 2495 814 2552 traditam
833 2513 902 2552 esse.

704 2644 707 2646 .
737 2590 767 2646 ln
791 2590 991 2663 possessiouem
1018 2588 1060 2644 rei
1089 2587 1229 2658 litigiosae

685 2684 842 2745 mittendum
859 2702 917 2740 esse
935 2684 1125 2752 vindicantem,
1145 2682 1168 2736 si
1184 2686 1228 2736 ter

686 2779 754 2835 datis
775 2778 979 2850 quatuordeeim
1004 2776 1122 2833 noetiurn
1145 2758 1227 2830 indu·
1270 2829 1273 2832 Α

630 2874 632 2877 ’
687 2872 735 2930 oiis
755 2873 862 2930 delendi
882 2887 1022 2947 possessor
1042 2870 1166 2927 noluerit.

737 2969 864 3025 Auctoris
880 2968 905 3024 in
919 2967 993 3023 litem
1007 2965 1123 3023 vocandi
1137 2981 1228 3022 ourarn
1309 2970 1315 2976 “

465 3084 468 3093 “
576 3056 580 3062 ’
685 3078 735 3120 reo
755 3062 880 3136 relinqui.

737 3159 798 3215 Art.
813 3157 877 3215 112.
901 3159 979 3229 Rem,
994 3171 1072 3230 qaum
1085 3161 1179 3213 tenens
1193 3141 1227 3210 ab

687 3253 740 3309 alio
756 3253 808 3309 sibi
824 3254 1019 3323 commodatam
1033 3252 1115 3322 dieat,
1135 3256 1229 3306 actore

684 3355 828 3421 praesente
849 3349 975 3406 restituat
998 3349 1040 3418 ei,
1066 3364 1081 3401 o
1102 3361 1156 3417 quo
1177 3361 1228 3401 ao-

686 3442 775 3524 oepit‚
798 3445 953 3518 priusquam
976 3442 1034 3516 ipse
1057 3440 1099 3498 liti
1122 3457 1152 3496 se
1172 3440 1228 3496 ob-

647 3612 652 3627 ,
685 3538 786 3595 tulerit.
1249 3537 1252 3541 ’

159 3626 277 3712 Caput
294 3627 366 3695 258.
401 3629 446 3693 Ob
465 3649 529 3694 rern
548 3649 636 3695 eorn-
741 3634 865 3711 ,benedt
886 3651 957 3698 mon
980 3633 1065 3696 deme
1090 3629 1228 3695 anderen

110 3732 267 3816 nodatam,
311 3752 389 3815 quae
426 3735 535 3816 periit,
578 3736 636 3797 ob·
688 3738 740 3800 sin
761 3746 818 3820 put
840 3739 896 3801 dut
922 3755 966 3802 zu
988 3737 1125 3802 bebatde.
1155 3736 1229 3799 uuirt

111 3833 285 3917 solvireurn,
305 3840 356 3920 qui
368 3839 519 3921 juraverit
536 3839 636 3920 mojo-
688 3835 722 3904 iz'
752 3863 819 3926 pune
855 3842 1017 3906 oirstolen.
1057 3839 1134 3903 oder
1170 3839 1228 3901 obe

110 3948 165 4002 ren
179 3941 396 4005 custodiendae
413 3944 530 4006 alienae
547 3960 636 4024 quarn
688 3946 841 4026 peronbtt.
870 3945 946 4007 oder
967 3944 1123 4007 oirbront.
1151 3942 1228 4005 oder

109 4053 173 4114 Suae
200 4044 246 4107 rei
275 4062 310 4108 se
337 4046 521 4130 diligentiam
545 4046 635 4109 adbi-
687 4050 777 4129 stirft
798 4049 829 4111 iz
852 4048 890 4110 ob
912 4037 943 4109 iz
965 4048 1023 4111 oeb
1044 4049 1083 4112 is.
1112 4047 1168 4109 ber
1187 4065 1227 4126 ne

108 4135 209 4212 tuisse.
688 4151 790 4232 dorpb
818 4151 861 4213 du
889 4152 1019 4232 niobene
1049 4157 1104 4213 not
1131 4167 1227 4210 omme

156 4251 199 4315 Ob
216 4252 333 4334 culpam
349 4272 424 4318 vero
440 4256 471 4317 in
486 4272 520 4318 re
537 4253 635 4318 aliena
688 4255 782 4320 liden.
799 4254 881 4316 darn
895 4254 951 4318 ber
963 4255 1015 4318 sin
1028 4253 1117 4316 recbt
1131 4270 1245 4336 omme·

108 4356 306 4424 commisesunt
324 4357 423 4425 damni
439 4358 560 4425 nomine
576 4358 636 4425 do·
687 4356 757 4425 tun
790 4356 852 4422 daz
880 4356 912 4422 iu
939 4377 1000 4425 one
1028 4357 1097 4423 sine
1125 4353 1226 4421 sonet
