2722 4898
557 346 703 414 -ttt
749 378 793 394 ··-

200 518 267 583 lam
289 537 365 584 vcro
388 538 479 600 quum
501 519 532 584 in
554 528 617 585 tota
639 519 794 603 proposita
812 520 991 600 quaestione
1014 520 1095 582 nulla
1118 521 1241 602 amplius

113 640 262 704 expressa
292 622 421 686 liliorum
453 623 537 686 Noae
574 625 686 688 mentio
723 621 924 701 inveniretur,
961 639 1039 686 unus
1058 613 1060 617 ’
1077 626 1241 688 saxonicus

116 727 257 808 scriptor,
286 730 319 788 ut
340 724 495 789 refelleret
518 727 691 808 opinionem
714 746 731 788 a
752 725 837 788 Noae
859 725 920 788 lilio
944 727 1118 789 servitutem
1141 726 1241 810 origi-

116 847 181 891 nem
202 828 356 908 sumsisse,
379 827 522 891 illustrem
545 830 723 915 progeniem
746 846 786 892 ex
804 828 854 893 illo
870 828 931 891 filio
948 836 1044 892 ortam
1066 830 1097 891 in
1119 848 1240 894 memo-

119 931 188 994 riam
209 937 347 1009 revocat,
370 929 448 993 alter
469 931 612 994 observat
632 933 662 994 in
685 932 823 995 diversas
841 931 924 994 orbis
942 939 1045 1012 partes
1060 931 1145 994 Noae
1161 933 1240 996 lilios

121 1051 277 1114 eorumque
305 1033 512 1115 posteritatem
541 1034 660 1098 abiisse.
706 1033 767 1098 Sed
796 1041 904 1097 neuter
924 1033 1032 1097 horum
1059 1036 1240 1115 scriptorum

123 1137 205 1199 sensit
220 1135 337 1199 idcirco
352 1153 393 1198 cx
407 1135 544 1199 bavarici
562 1137 718 1217 scriptoris
736 1144 837 1199 mente
855 1137 1030 1201 servitutem
1049 1137 1087 1200 ad
1104 1145 1240 1201 nostram

124 1245 237 1321 oetatem
255 1239 362 1300 venire
380 1256 441 1301 non
458 1240 601 1319 potuisse,
627 1239 708 1320 quod
728 1256 877 1319 expresse
900 1240 1087 1323 significatur
1106 1259 1145 1302 ex
1168 1258 1238 1303 mo-

125 1341 195 1404 saica
214 1341 285 1424 lege
308 1341 559 1424 quinquagesimo
582 1359 705 1423 quoque
729 1361 808 1405 anno
831 1360 937 1406 omnes
961 1360 1079 1422 servos,
1102 1350 1161 1406 tam
1179 1362 1240 1407 vo-

125 1442 207 1507 lentes
227 1461 316 1522 quam
338 1443 486 1523 nolentes,
507 1444 611 1507 liberis
635 1445 696 1507 suis
719 1444 867 1508 natalibus
889 1446 1047 1509 restitutos
1070 1463 1153 1510 esse.

197 1545 323 1610 Causam
346 1565 402 1609 cur
424 1546 461 1610 ab
478 1547 606 1610 ismaele
627 1547 759 1610 servitus
781 1554 848 1611 orta
869 1566 929 1610 non
953 1548 1000 1626 sit,
1024 1566 1064 1610 ex
1087 1549 1239 1612 mosaicae

126 1649 188 1732 legis
207 1656 307 1712 mente
329 1649 498 1713 rectissime
515 1648 679 1713 bavaricus
702 1650 834 1731 scriptor
856 1667 923 1712 eam
941 1649 1045 1729 allent,
1068 1650 1151 1729 quod
1173 1652 1239 1733 ejus

127 1759 204 1814 mater
220 1771 261 1816 cx
278 1752 387 1816 ancilla
405 1753 437 1815 in
454 1753 572 1832 uxoris,
594 1753 664 1815 licet
683 1752 848 1832 sequioris,
869 1752 970 1815 locum
984 1760 1131 1834 pro-vecta
1146 1752 1238 1816 buerit

128 1856 213 1931 („uan
228 1857 258 1917 in
273 1855 354 1917 hatte
370 1855 522 1919 Abraham
541 1888 578 1898 -
597 1854 906 1928 kebeslicben'').
944 1853 1026 1921 Juris
1048 1857 1237 1938 municipalis

128 1957 240 2037 scriptor
266 1957 345 2021 banc
372 1959 535 2020 indicatam
564 1959 660 2040 tnagis
689 1976 778 2039 quam
812 1975 990 2039 expressam
1022 1976 1145 2022 causam
1177 1978 1239 2024 non

127 2062 296 2140 perspiciens
319 2061 449 2124 tacendo
472 2060 668 2142 philosophus
690 2063 815 2137 mansit;
841 2061 924 2142 juris
943 2080 1019 2126 vcro
1043 2063 1238 2142 provincialis
1305 2103 1308 2109 ·

127 2163 313 2244 concinnator,
336 2163 451 2246 ingenii
465 2163 580 2226 viribus
603 2172 635 2226 ut
657 2164 722 2246 eJ'us
744 2181 810 2228 mos
832 2171 878 2226 est
893 2165 960 2246 plus
977 2183 1076 2245 aequo
1093 2166 1238 2245 conlisus,

126 2265 283 2329 testimoniis
312 2266 370 2330 lide
400 2267 498 2349 dignis
528 2267 638 2328 asserit
665 2265 824 2330 destitutos
853 2283 942 2346 esse,
973 2269 1024 2348 qui
1050 2269 1088 2332 eb
1109 2269 1236 2331 lsmaele

126 2369 280 2431 servitutem
302 2375 451 2448 repetant,
475 2387 535 2429 non
558 2368 745 2432 erubescens
763 2369 800 2432 ad
819 2371 984 2433 scrutanda
1001 2371 1145 2434 historiae
1167 2390 1238 2434 mo-

124 2479 245 2534 numenta
267 2472 422 2550 invitasse,
446 2489 524 2550 quiae
547 2477 647 2533 tamen
672 2489 709 2533 an
732 2473 797 2552 ipse
819 2490 952 2552 unquam
976 2475 1107 2556 attigerit
1127 2476 1236 2537 merito
1314 2498 1321 2509 ·

125 2567 266 2641 dubitatur.

192 2675 337 2758 Superest
351 2684 383 2739 ut
398 2676 534 2739 moneam
548 2677 626 2758 juris
642 2676 838 2758 provincialis
855 2678 1037 2758 scriptorem
1054 2681 1120 2743 veri
1139 2681 1236 2743 simile

122 2791 258 2844 essenon
280 2779 456 2843 bavaricam
478 2786 591 2842 tantum
613 2781 719 2843 librum
741 2797 814 2859 prae
837 2779 933 2842 oculis
953 2779 1105 2860 habuisse,
1129 2782 1183 2845 sed
1206 2784 1236 2844 in

120 2881 268 2947 subsidium
286 2900 408 2962 quoque
425 2883 504 2965 juris
527 2883 716 2964 municipalis
738 2883 844 2945 librum
860 2900 1002 2946 vocasse.
1035 2884 1068 2946 tt
1087 2883 1144 2947 nisi
1161 2884 1235 2948 alias

120 2981 150 3044 ob
169 3003 275 3049 causas
299 2991 415 3047 certum
437 2993 530 3064 esset,
557 2987 716 3050 innostro
735 2986 797 3068 jam
820 2985 889 3049 loco
912 2986 1063 3049 indicaret
1086 2989 1235 3050 sententia

120 3085 149 3146 al
170 3088 244 3168 Juris
272 3086 460 3166 municipalis
482 3089 576 3152 verba
604 3087 669 3151 lere
699 3106 866 3169 expressa:
895 3087 998 3169 „Esau
1020 3108 1059 3154 ne
1081 3091 1236 3153 virvlu-

119 3182 198 3252 lale
220 3190 276 3252 ber
299 3189 391 3251 nicht.
414 3207 486 3252 noc
509 3182 726 3273 eigenscap
749 3211 794 3254 ne
816 3193 982 3275 geuuab
1004 3194 1073 3257 her
1095 3194 1235 3257 nicht.’'

187 3292 270 3355 Loco
294 3291 437 3372 deinceps
461 3292 499 3355 de
522 3294 551 3355 vi
573 3312 635 3356 non
658 3294 837 3374 adhibenda,
865 3296 1027 3358 cohaeret:
1048 3362 1057 3379 ,

163 3419 268 3494 ceput
285 3419 350 3476 309.
382 3420 445 3475 Tam
462 3421 549 3477 actori
564 3439 641 3494 quam
746 3425 806 3479 Art.
823 3421 886 3478 138.
918 3412 1235 3507 ,βυξοὴοεῑάίεηιαπ

115 3506 183 3574 inlici
201 3531 307 3588 poenae
331 3515 436 3570 nomine
457 3516 641 3572 condemnari·
694 3517 851 3573 anderwt‘nt
870 3516 921 3573 mit
937 3510 1080 3575 acris.
1091 3516 1157 3573 das
1173 3536 1235 3590 pros

116 3600 255 3679 danesse,
278 3607 322 3680 qui
342 3610 473 3664 bonorum
496 3611 522 3665 vi
543 3616 641 3683 rapto·
693 3611 744 3666 mit
763 3611 860 3667 reclttc
880 3596 1074 3685 aspellam
1088 3610 1159 3668 ctat.
1183 3613 1235 3669 ber

115 3707 160 3754 tun
179 3703 317 3759 convictus
338 3702 434 3773 inerit,
456 3703 553 3759 nullam
573 3720 640 3760 vero
692 3713 752 3762 mut
770 3704 797 3760 la
817 3703 950 3760 mittete
969 3698 1061 3761 lesen?
1091 3703 1171 3762 Swes'
1183 3706 1234 3762 lter

114 3801 212 3855 locucm
233 3797 300 3870 pati,
321 3797 365 3868 qui
383 3797 566 3853 consentiente
585 3798 639 3854 do·
691 3799 753 3854 siclt
787 3798 857 3855 aber
882 3782 1044 3867 'ondmw'qt
1075 3799 1126 3854 mit
1155 3798 1231 3856 ienes

114 3882 171 3942 mino
189 3906 247 3947 rem
273 3890 386 3946 alienam
413 3892 638 3964 occupaverit¹).
691 3893 780 3948 willan
800 3893 851 3948 dea
877 3909 907 3949 es
935 3893 973 3948 dc
998 3894 1044 3948 ist.
1074 3894 1157 3961 [oder
1177 3895 1231 3950 dnn

113 3980 300 4002 ss*N---m—-n

128 4125 132 4137 Ι
178 4042 206 4113 1)
234 4044 386 4116 legendum
407 4061 466 4101 esse
487 4046 554 4116 „mit
574 4043 716 4116 unrehte'',
736 4061 790 4102 non
809 4046 877 4116 „mit
895 4042 992 4101 rebtc”
1014 4054 1042 4101 ut
1062 4046 1089 4102 in
1109 4049 1231 4104 lassber-

111 4137 180 4191 nano
192 4139 328 4211 exemplo,
347 4138 449 4194 indicat
463 4139 657 4212 francogallica
672 4156 777 4212 quoque
791 4139 881 4196 versio
903 4141 952 4207 (be
968 4140 1062 4197 miroir
1076 4141 1110 4198 dc
1123 4140 1242 4212 Sucbcp

110 4223 171 4374 {ulli
191 4247 240 4303 par
263 4232 419 4306 lietbile,
444 4233 511 4288 lolio
530 4233 584 4298 titt
606 4248 688 4291 verso
712 4236 764 4295 ccl.
784 4235 813 4304 2,
837 4251 861 4292 v.
881 4235 915 4304 2)
941 4251 1024 4306 ,sana
1049 4251 1230 4297 coonessancc

125 4322 251 4384 croit.”
306 4367 319 4374 ..
392 4371 397 4377 .
470 4343 473 4347 ·
