2722 4898
568 345 783 413 ...68-

113 517 255 606 accipiat.
299 517 382 582 Reus
416 517 603 582 absolvetur·
626 522 653 582 si

27 699 32 704 Ι
112 620 283 701 inculpatae
309 620 421 684 tutelae
447 622 651 684 moderamine

112 740 147 786 se
169 740 256 787 usum
274 741 344 787 esse
357 724 518 805 juraverit.
552 723 650 804 Siquis
779 736 781 741 ·

112 843 187 889 vero
230 825 382 890 interlecti
421 834 570 910 cognatus
614 828 652 890 ad

112 929 287 992 certaminis
310 929 467 1012 Judiciarii
490 930 654 992 discrimen

111 1050 197 1096 reum
232 1039 403 1115 provocet,
443 1033 551 1096 suimet
587 1033 653 1113 pari

111 1154 243 1226 pugnam
264 1136 314 1199 ille
336 1153 397 1199 non
420 1142 554 1200 recuset.

593 1373 760 1446 xvlr.

196 1528 268 1596 Post
299 1520 415 1599 titulun
449 1533 486 1597 de
521 1530 646 1596 ducibus
680 1532 950 1613 bajuariorum
979 1533 1042 1598 lev
1076 1497 1244 1616 sequentes

112 1634 234 1701 exhibet
256 1635 411 1701 rubricas:

242 1767 290 1842 tlt
304 1768 354 1842 d'e
375 1769 480 1843 liberis
501 1769 652 1862 quomodo
673 1772 899 1860 componantur,

201 1883 205 1895 '
244 1870 289 1948 li.
315 1868 492 1962 delibaris,
513 1867 781 1965 pnipsrnsnum
803 1871 921 1944 dimissi
943 1875 1015 1946 sunt
1036 1871 1137 1963 iberi,
1164 1873 1246 1965 prud

164 2004 166 2011 ·
217 2066 221 2072 ,
314 1974 438 2066 „tritu”
458 1979 580 2064 rorant,
601 1975 752 2068 quomodo
774 1978 999 2068 componantur,

256 2080 290 2154 l.
314 2078 353 2152 ds
374 2079 473 2152 semis
494 2076 645 2172 monnio
666 2082 893 2170 conponantur,

243 2178 290 2258 ll
314 2181 353 2277 ds
373 2180 488 2273 ruptiis
510 2185 543 2262 st
565 2180 789 2274 opemtionibus
810 2180 927 2260 illicitis
948 2181 1152 2274 politoris,
1260 2245 1268 2263 .

232 2284 290 2362 tlt
315 2281 353 2358 de
374 2284 521 2358 uxonbns
543 2284 577 2360 st
597 2284 698 2360 musis
719 2302 797 2378 poso
818 2302 912 2376 saepe
933 2284 1120 2375 eomngmt,

220 2386 292 2469 illi
316 2386 353 2460 de
374 2387 467 2476 tbrto,

240 2488 290 2562 lb„
315 2491 353 2563 de
373 2489 511 2573 marulio
533 2491 690 2565 danorum
711 2495 745 2566 et
766 2508 869 2564 samm
891 2489 1119 2582 compositione.

195 2634 305 2699 Procul
327 2635 418 2698 dubio
442 2634 684 2698 adnotationibus
706 2653 743 2696 ea
762 2633 840 2717 legis
858 2653 928 2714 pars
951 2653 1012 2696 non
1033 2632 1141 2713 caruit,
1166 2653 1243 2716 quas

109 2746 209 2802 tamen
237 2739 276 2802 ob
305 2745 446 2800 mutatam
476 2738 646 2801 omnim0do
675 2755 841 2817 poenarum
875 2738 1025 2799 rationem
1053 2755 1244 2820 magnasque

108 2842 246 2905 locorum
269 2841 496 2904 consuetudinis
516 2839 702 2904 differentias
724 2841 754 2901 in
776 2841 957 2911 coercendis
980 2840 1156 2904 criminibus
1175 2843 1244 2924 pri-

109 2961 175 3008 mus
197 2944 277 3025 juris
307 2944 472 3007 communis
500 2943 569 3006 libri
592 2943 793 3005 concinnator
813 2960 874 3006 non
901 2943 1110 3024 imprudenter
1132 2944 1244 3022 omisit,

111 3045 149 3110 ad
172 3045 370 3127 supplendam
392 3064 459 3108 eam
481 3046 618 3108 lacunam
642 3054 838 3129 argumenta,
867 3046 905 3109 de
929 3046 1037 3127 quibus
1060 3063 1153 3129 supra
1178 3047 1245 3111 dis-

110 3149 277 3228 seruimus,
307 3156 500 3217 convertens.
544 3149 699 3211 Posterior
722 3149 843 3229 quidam
870 3149 1003 3230 scriptor
1030 3149 1128 3231 minus
1150 3149 1182 3212 in
1205 3168 1244 3213 eo

110 3258 195 3314 recte
212 3251 370 3333 judicum,
397 3252 620 3333 praetermissis
647 3252 809 3315 bavaricae
837 3252 915 3336 legis
943 3252 1036 3317 titulis
1063 3270 1246 3317 accommo-

111 3349 193 3417 davit
214 3352 414 3418 mosaicarum
436 3354 473 3417 de
496 3355 603 3435 poenis
625 3354 728 3437 legum
750 3355 875 3420 brevem
898 3355 1137 3436 expositionem,
1161 3373 1244 3439 qnae

107 3457 184 3543 Juris
207 3458 373 3521 communis
395 3457 464 3521 libri
487 3458 583 3538 eapite
607 3458 779 3523 continetur
802 3459 1009 3523 ducentesimo
1032 3458 1140 3541 primo.

580 3693 776 3767 xvlu.
829 3755 831 3758 >

197 3851 423 3937 Subjunguntur
444 3853 648 3916 bavaricae
670 3855 771 3938 legis
794 3853 881 3934 tituli,
905 3852 1108 3919 cohaerentes
1131 3843 1208 3919 sibi:

257 3985 294 4059 ἱ
318 3986 357 4059 de
370 3985 530 4076 'violentia¹

244 4088 294 4162 xi
318 4088 356 4161 de
376 4089 514 4162 torminis
535 4089 641 4181 ruptis

196 4233 330 4295 Pertinet
352 4250 390 4295 eo
409 4232 487 4315 juris
511 4231 678 4295 communis
706 4231 775 4294 libri
798 4240 888 4314 caput
908 4232 948 4295 st
973 4234 1059 4315 cujus
1082 4233 1247 4317 intorpre-

112 4334 254 4404 taticnem
276 4335 411 4402 continet
432 4336 509 4399 male
532 4334 729 4417 praemissum
751 4354 834 4401 nunu
856 4343 945 4419 caput
967 4335 1020 4407 ab.
