2722 4898
552 349 880 456 -uu-w

62 590 64 597 Ι
156 522 317 594 Reprehensa
334 527 422 578 autem
440 498 570 580 sententia
584 542 633 580 su·
738 525 798 582 Art.
814 525 858 582 60.
891 491 1058 585 Sententiam
1073 531 1226 603 reprehen-

62 614 64 619 '
119 618 238 689 perierem,
251 616 390 673 utdictum
404 624 454 689 est,
463 618 635 690 judiciariam
686 618 753 676 dens
774 620 868 690 quibus
888 622 979 679 verbis
999 629 1096 681 ulatur.

120 712 190 768 sedem
204 711 351 767 adeundam
369 728 436 768 esse.

119 945 169 1002 uerit
181 945 261 1017 ipsum
277 942 341 1001 libri
358 944 575 1001 concinnatorem
588 960 705 1017 quoque,
726 946 771 1002 ubi
788 947 822 1002 da
839 946 956 1004 fontibus
972 948 1097 1006 adhibitis
1110 951 1224 1023 praeia-

119 1047 149 1096 tus
160 1047 200 1110 est,
220 1040 354 1095 monuisse
368 1040 464 1095 bonam
481 1039 580 1121 ubique
597 1040 721 1096 locorum
737 1042 955 1099 consuetudinem
972 1046 1142 1115 spectandam
1156 1063 1224 1102 esse.

119 1135 275 1191 hSanoniae
297 1140 385 1191 autem
405 1134 503 1204 terris,
524 1135 645 1206 exceptis
666 1136 820 1192 civitatibus
840 1153 910 1207 quae
927 1138 971 1208 jus
991 1139 1144 1196 saxonicum
1163 1157 1225 1197 mu·

62 1218 64 1225 ’
119 1229 206 1301 nieipale
227 1230 365 1301 amplexae
386 1246 401 1284 a
420 1229 695 1300 magdeburgensibus
722 1236 767 1285 aut
786 1231 942 1288 Halensibns
964 1232 1077 1304 dejure
1097 1250 1225 1306 responsa

119 1323 182 1380 landa
198 1325 249 1381 sihi
261 1325 454 1397 procumbam,
474 1323 607 1395 antiquior
622 1325 772 1395 praevaluit
792 1340 849 1380 mos
869 1326 1021 1383 universam
1041 1327 1226 1401 interrogandi

62 1424 64 1431 '
118 1420 212 1491 tudam,
237 1420 283 1476 ubi
303 1419 338 1475 de
358 1418 551 1475 consuetudine
577 1420 603 1473 in
630 1419 824 1476 dubitationem
845 1427 941 1476 vocata
962 1421 1062 1478 certius
1082 1422 1147 1494 quid
1166 1430 1224 1480 sta·

118 1515 217 1571 tuendum
237 1520 315 1570 esset.
346 1515 438 1586 ltaque
458 1513 595 1569 sententiis
615 1520 718 1585 septem
734 1515 864 1586 judicum,
885 1530 952 1588 quos
972 1516 999 1571 in
1012 1517 1108 1587 quouis
1120 1517 1225 1589 judicio

119 1608 215 1666 adbiberi
233 1609 360 1666 voluerat
381 1608 509 1678 Carolus,
535 1608 563 1663 ni
583 1611 670 1680 major
690 1609 785 1665 haberi
807 1616 897 1681 posset
918 1626 1057 1682 numerus,
1080 1611 1102 1668 si
1123 1605 1226 1684 septam

118 1702 198 1772 plenam
210 1705 288 1761 iidem
301 1704 455 1760 habentium
469 1703 600 1773 virorum,
621 1718 687 1774 quos
707 1704 777 1759 inter
792 1709 821 1760 et
841 1705 897 1775 ipse
915 1705 969 1760 litis
983 1704 1103 1762 dominus
1117 1713 1226 1778 poterat

118 1812 166 1869 ese,
178 1792 376 1872 opponerentur
387 1799 544 1867 sententiae,
559 1797 654 1852 omissa
668 1799 701 1854 ad
715 1799 883 1870 superiorem
891 1798 1008 1869 jndicem
1018 1802 1226 1874 provocatione,

118 1895 378 1967 compromittere
399 1894 431 1949 in
453 1908 613 1948 coronam
630 1892 739 1962 licebat,
759 1894 796 1948 ita
814 1899 852 1963 ut,
873 1893 1050 1966 quodcunque
1065 1895 1225 1967 probauerit

117 1989 180 2060 major
197 1989 293 2045 turbae
312 2004 386 2060 pars,
406 1988 606 2043 nancisceretur
628 1986 669 2041 rei
686 1986 824 2057 judicatae
844 1988 1040 2059 auctoritatem,
1060 2006 1111 2045 nec
1131 2005 1225 2046 coram

116 2096 216 2154 supremo
234 2083 315 2156 ipsius
335 2082 409 2153 regis
420 2082 524 2152 judicio
541 2083 567 2136 in
584 2081 795 2137 controversiam
809 2081 898 2138 denuo
911 2083 1006 2138 vocari
1019 2079 1119 2155 posset.
1150 2084 1224 2140 llaec

116 2183 144 2232 est
158 2178 328 2248 consuetudo,
348 2176 532 2248 quam'reiert
552 2176 694 2232 saxonicus
714 2176 784 2231 liber
798 2192 831 2231 eo
846 2177 918 2248 loco,
939 2177 1033 2233 ubido
1049 2178 1151 2250 triplici
1161 2179 1224 2250 jura

116 2272 199 2345 agitur,
224 2273 297 2345 qnod
316 2272 401 2329 invito
422 2271 522 2327 Carolo
543 2271 665 2327 Saxones
686 2269 864 2342 obtinuerint,
884 2271 902 2326 i.
918 2289 941 2328 e.
963 2273 1036 2343 quod
1055 2289 1071 2328 a
1092 2273 1225 2330 communi

115 2363 247 2424 Germaniae
269 2369 332 2440 jure
355 2365 474 2422 recedat.
520 2365 606 2435 Nihil,
627 2364 650 2420 si
669 2363 761 2419 uerbis
787 2364 941 2437 inhaereas,
967 2366 1151 2438 deprehendes
1176 2368 1224 2439 ibi,

115 2463 167 2531 prad
189 2464 222 2519 nd
239 2448 414 2534 jndiciariam
439 2466 540 2516 tantum
567 2462 682 2530 pugnam
713 2459 812 2514 referri
840 2467 934 2532 queat,
960 2461 1040 2517 immo
1066 2460 1223 2518 concinnior
1249 2532 1252 2539 Ι

114 2560 166 2612 totus
180 2558 291 2614 efficitur
305 2558 391 2627 locus,
412 2555 434 2611 si
452 2555 486 2610 de
503 2554 687 2626 impugnandis
703 2560 804 2610 tantum
824 2555 961 2611 sententiis
982 2555 1122 2627 accipitur.
1152 2557 1223 2614 Ecca

114 2651 165 2708 erim
183 2653 246 2709 dicit
271 2652 403 2724 scriptor:
437 2637 575 2720 „Tertium
596 2656 650 2704 est:
677 2649 775 2705 nullam
800 2647 833 2703 ad
855 2649 960 2720 imperii
980 2650 1097 2705 tribunal
1117 2666 1223 2722 provo·
1291 2721 1294 2725 ῃ

114 2728 181 2803 mtd'
197 2746 369 2816 sententiam,
390 2762 458 2819 quae
479 2746 520 2824 rei
536 2745 673 2816 J'udicatae
695 2743 862 2798 nanciscatur
883 2744 1086 2815 auctoritatem,
1106 2745 1225 2802 obtineri

113 2854 148 2909 per
169 2841 312 2898 saxoniam
337 2856 431 2912 posse,
460 2841 482 2895 si
509 2839 632 2895 maluerit
660 2837 695 2893 ad
721 2852 849 2893 coronam
875 2852 1028 2910 provocare
1054 2838 1224 2896 adversarius

114 2933 180 3009 lero,
204 2936 309 2994 sublata
331 2934 445 2990 dextera
462 2938 571 3008 jurans,
599 2935 773 3005 acquiescere
795 2950 823 2988 se
844 2932 916 2988 velle
939 2933 1100 3004 sententiae,
1126 2949 1223 3005 quam-

113 3042 194 3104 eunque
209 3032 295 3104 major
310 3030 479 3102 popularium
493 3045 555 3102 pars
570 3029 741 3101 probaverit3
764 3028 948 3099 victoremque
965 3027 992 3083 in
1009 3043 1090 3084 causa
1107 3027 1223 3084 evadare

113 3137 291 3199 quameunque,
316 3125 366 3197 qui.
382 3141 431 3181 sex
451 3124 676 3196 adstipulantibus
697 3124 747 3179 sibi
768 3122 864 3192 sociis,
889 3129 991 3194 septem
1008 3122 1134 3194 ¹judicum
1158 3140 1223 3180 sen-

112 3219 187 3276 tentias
208 3223 381 3293 impugnans,
406 3235 492 3290 coque
520 3220 554 3275 ad
577 3233 707 3274 coronam
732 3216 900 3290 provocandi
923 3219 985 3288 jure
1012 3234 1088 3289 usus,
1115 3218 1224 3290 majoris

112 3314 187 3373 timae
205 3315 290 3387 partis
310 3314 439 3387 suffragia
459 3311 580 3371 tulerit.''
678 3355 682 3362 .

166 3410 239 3466 llane
260 3425 327 3467 vero
347 3409 505 3467 sententiam
525 3410 557 3465 ad
578 3408 699 3465 bavarici
724 3407 788 3463 libri
810 3409 973 3478 locumque
994 3404 1104 3477 dicitur,
1128 3405 1163 3462 ob
1180 3405 1225 3477 jus

110 3498 235 3575 incertum,
260 3506 310 3562 ntsr
330 3521 422 3561 coram
443 3520 511 3576 rege
532 3504 712 3576 disceptetur,
727 3502 906 3575 pugnandum
926 3517 979 3557 non
999 3516 1074 3570 esse,
1098 3498 1133 3555 ax
1152 3498 1224 3556 arti·

111 3599 185 3655 tuloll
201 3602 272 3656 male
285 3600 395 3671 repetiit
409 3599 515 3671 quidam
529 3598 664 3667 librarius,
685 3612 769 3669 eaque
784 3603 824 3652 est
838 3613 927 3667 causa,
948 3611 1016 3666 quae
1031 3593 1141 3649 latinum
1157 3610 1223 3666 spe-

110 3692 149 3748 culi
165 3695 286 3751 saxonici
306 3695 481 3766 interpretem
496 3711 581 3767 aeque
599 3709 630 3749 ac
644 3692 814 3748 recentiores
830 3692 888 3747 fere
903 3705 995 3746 omnes
1014 3688 1127 3759 induxit,
1147 3693 1176 3745 ut
1190 3689 1224 3745 de

108 3783 234 3852 iudiciario
256 3790 402 3846 certamine
423 3790 511 3844 locum
531 3789 653 3860 superius
674 3804 689 3842 a
709 3803 751 3842 me
773 3786 935 3858 explicatum
955 3789 1065 3855 praeter
1078 3783 1225 3840 uerborum

110 3884 279 3941 parentalem
299 3884 501 3955 intelligendum
522 3899 580 3939 esse
601 3883 783 3954 opinarentur.

168 3979 257 4051 lpsum
284 3980 402 4035 saxonici
428 3978 492 4034 libri
518 3984 656 4034 auctorem
676 3978 711 4033 de
732 3974 898 4031 conserendo
919 3971 1060 4045 septuplici
1076 3970 1223 4041 iudiciario

111 4073 238 4129 certamine
264 4074 388 4145 cogitare
413 4088 579 4145 nequaquam
603 4073 722 4144 potuisse
748 4075 860 4143 apparet
885 4085 920 4124 ex
944 4084 993 4138 eo,
1017 4064 1225 4139 primumquod

112 4159 248 4224 bornicum
268 4175 373 4225 secutus
394 4168 490 4223 librum
517 4173 620 4237 monet,
647 4166 740 4236 armis,
767 4165 817 4220 nisi
838 4178 930 4219 coram
956 4178 1024 4234 rege
1048 4161 1224 4231 disceptetur,

113 4253 138 4312 de
154 4265 278 4320 sententia
299 4263 456 4320 certandum
481 4277 534 4319 non
562 4279 634 4333 esse,
661 4261 787 4332 deinceps
812 4264 900 4315 autem
926 4254 1129 4326 animadvertit,
1154 4254 1223 4311 sub·

114 4348 237 4417 rutarum
256 4359 285 4417 in
304 4357 467 4432 colligendis
487 4357 624 4415 sententiis
644 4362 672 4414 et
691 4372 748 4414 rem
769 4354 804 4412 ad
823 4353 992 4428 superiorem
1006 4349 1224 4425 jurisdictionem

974 4457 1019 4519 pes
