2722 4898
616 361 850 426 -tod-

466 583 510 655 tv.
542 583 584 652 lte
606 581 801 678 exsecutione
823 581 1001 654 scnbntiea.

230 742 347 822 Caput
368 743 441 806 206.
485 741 613 803 Mulctao
637 743 708 803 exi·
817 741 883 804 Art.
895 741 947 803 84.
968 738 1083 816 ‚,Saoor
1098 739 1149 800 die
1165 741 1306 802 riettere

141 864 142 867 ’
171 845 290 930 gandae
323 847 350 909 si
382 846 502 909 mobilia
535 845 614 906 bona
647 864 708 906 non
760 844 811 905 sin
829 843 975 923 powedde
993 841 1080 905 nicht
1097 863 1136 903 oz
1152 843 1305 922 phaedon

172 949 336 1027 sufficiant,
366 948 458 1011 aedes
482 947 626 1010 debitoris
649 967 706 1027 ap·
760 966 798 1007 oe
820 947 910 1008 anach
924 947 1041 1019 -’'¹).

171 1054 270 1133 posito
284 1052 383 1114 crucis
400 1052 488 1132 signo
504 1057 707 1128 sequestran-

115 1158 122 1175 “
172 1157 226 1219 das
253 1173 334 1218 esse.
379 1153 411 1218 Si
437 1153 567 1234 pignora
591 1154 628 1215 ob
657 1171 719 1215 aes>

172 1258 300 1321 alienum
322 1257 467 1336 capienda
485 1255 533 1316 vel
557 1256 637 1318 nulla
660 1257 709 1316 in-
780 1291 783 1296 -

171 1362 340 1437 veniamur,
361 1359 410 1421 vel
425 1360 546 1421 inventa
563 1377 623 1419 non
643 1358 710 1420 sul-

171 1464 282 1542 liciant,
304 1469 511 1541 sequestratas
532 1461 624 1522 aedes
643 1469 710 1541 post

99 1620 103 1627 ,
172 1574 288 1628 sextam
315 1565 510 1645 septimanam
535 1564 710 1625 distrahen-

172 1669 227 1731 das
243 1686 322 1732 esse.
356 1668 388 1731 Si
404 1685 462 1729 nec
480 1668 551 1729 inde
569 1667 709 1729 satisfieri

172 1772 269 1835 actori
280 1771 386 1852 possit,
399 1771 466 1848 alia,
477 1771 590 1848 siquae
601 1769 711 1831 habeat

172 1875 299 1954 debitor,
312 1873 474 1936 immobilia
486 1873 551 1953 ejus
563 1873 644 1935 bona
655 1871 710 1941 sub

170 1976 288 2039 hastam
310 1978 454 2039 mittenda
477 1993 557 2040 esse.
596 1975 641 2036 Ne
664 1974 710 2036 his

173 2081 294 2159 quidem
321 2079 538 2143 sufficientibus
562 2079 710 2159 potiorem

172 2200 242 2246 esse
257 2183 439 2245 creditorem
448 2182 552 2263 Judice
568 2182 616 2242 cui
631 2180 711 2242 mul-

173 2291 240 2348 ctae
256 2285 414 2348 debentur.
442 2284 624 2363 Heredibus,
640 2284 710 2362 qui-

173 2389 229 2451 bus
243 2390 346 2452 insciis
361 2388 549 2469 impeditisve
561 2387 641 2448 bona
653 2387 711 2448 de-

172 2493 278 2555 bitoris
298 2492 441 2554 distracta
464 2491 533 2569 sint,
557 2491 634 2550 intra
653 2507 711 2549 an-

173 2591 712 2659 numetdiemearumredemtionem

174 2699 402 2761 concedendam
418 2714 498 2759 esse.

625 2890 850 2968 XXXVI.

542 3053 573 3124 1.
607 3054 648 3124 lte
671 3051 931 3143 appellationibus

256 3193 496 3276 Appellationum
526 3197 653 3258 remedii
680 3214 773 3258 causa
797 3196 944 3258 adversus
968 3193 1147 3256 sententiam
1169 3181 1307 3275 iniquam

170 3299 455 3380 interponendarum
476 3317 561 3360 usum
585 3318 674 3361 nemo
692 3301 790 3360 nescit
811 3318 828 3360 a
849 3299 944 3379 patria
957 3296 1142 3377 judiciorum
1162 3316 1305 3361 consue-

171 3403 272 3465 tudine
290 3403 417 3464 alienum
432 3401 536 3465 fuisse.
564 3402 725 3482 Appellare
743 3410 841 3464 autem
857 3400 1046 3484 significabat
1063 3408 1114 3462 aut
1129 3419 1305 3482 provocare

174 3532 377 3541 w*

248 3599 278 3670 1)
306 3599 454 3657 Saronicus
474 3600 607 3672 scriptor,
629 3601 662 3655 de
683 3599 823 3670 exigendis
843 3605 944 3654 tautum
965 3599 1070 3654 mulctis
1091 3615 1191 3669 agens,
1213 3599 1305 3655 omuit

171 3710 240 3767 quae
266 3694 300 3748 de
327 3694 503 3750 distrahendis
530 3695 639 3750 aedibus
667 3697 701 3750 ob
728 3713 773 3750 aes
800 3693 922 3752 alienum,
940 3693 1027 3764 deque
1054 3694 1194 3750 creditore
1216 3693 1304 3763 judici

168 3787 350 3860 praeferendo
371 3789 514 3845 bavaricus
540 3789 610 3844 liber
636 3790 760 3859 exhibet,
785 3789 884 3844 addens
910 3805 924 3842 a
951 3787 1095 3843 heredibus
1121 3793 1304 3859 sequestratas

169 3882 250 3937 aedes
276 3883 410 3938 redimere
438 3884 587 3939 veientibus
617 3884 674 3956 plus
705 3885 806 3958 triplici
837 3884 933 3939 mulcta
964 3882 1128 3953 exigendum
1153 3899 1207 3939 non
1235 3900 1301 3938 esse.

170 3974 255 4031 Causa
271 3993 320 4032 car
335 3977 369 4032 de
390 3994 454 4031 aere
474 3977 562 4032 alieno
581 3978 672 4034 dicere
693 3979 835 4033 saxonicus
855 3979 973 4051 scriptor
988 3977 1143 4048 neglexerit
1163 3977 1236 4032 haud
1251 3978 1302 4033 alia

170 4078 226 4141 est,
251 4088 329 4141 quam
356 4071 427 4143 quod
452 4073 573 4127 nesciens
598 4074 641 4128 hic
663 4072 799 4142 judiciarii
826 4073 888 4129 libri
913 4073 947 4128 de
978 4072 1169 4128 sententiarum
1197 4089 1300 4128 execa-

167 4165 283 4220 tionibus
303 4166 330 4221 in
350 4181 452 4235 genere
471 4174 589 4222 tractans
610 4167 788 4237 fragmentum
808 4168 941 4236 exbiberi‚
961 4173 1041 4239 caput
1056 4166 1109 4222 hoc
1127 4167 1163 4223 ad
1179 4168 1300 4240 proxime

168 4246 377 4332 praecedentem
401 4262 488 4319 locum
514 4263 651 4336 pertinere
676 4268 749 4320 ratus
776 4269 829 4333 est,
854 4263 898 4319 ubi
923 4263 1055 4336 agebatur
1078 4262 1112 4318 de
1138 4261 1299 4337 pecuniariis

169 4351 330 4415 delictorum
349 4358 451 4434 poenis.
