2722 4898
523 353 756 418 —tat-

67 527 190 590 tionum
213 526 403 591 dilationibus
430 526 468 590 de
497 527 614 589 actione

69 630 103 692 in
126 630 261 694 heredes
284 630 485 694 continuanda
507 637 615 710 prote·
704 621 706 624 ⁴

70 740 171 796 status
195 732 296 798 fuerit.
733 746 737 755 ·

129 836 179 900 Ex
196 835 330 900 defuncti
345 837 433 899 bonis
452 844 511 899 tam
531 839 617 901 laeso

71 957 164 1020 quam
168 939 266 1021 judici
274 939 521 1004 satisfaciendum
531 957 616 1018 esse;

70 1043 190 1106 liberos
203 1050 302 1106 autem
315 1043 352 1105 de
361 1043 442 1122 dote,
451 1062 539 1124 quarn
547 1043 616 1105 vivo

70 1153 203 1227 parente
225 1147 403 1227 acceperint
424 1164 485 1210 non
507 1146 615 1209 teneri.

70 1248 213 1312 Potiores
235 1250 266 1311 in
285 1248 419 1313 defuncti
436 1250 523 1313 bonis
546 1266 616 1312 esse

72 1354 247 1416 creditores
269 1353 334 1434 ejus
357 1371 432 1434 prae
444 1353 550 1435 judice
569 1353 617 1415 cui

71 1457 188 1520 mulcta
211 1458 348 1519 debetur.
675 1508 681 1515 .
770 1504 774 1511 .

129 1560 221 1622 Patre
239 1577 386 1622 unacum
404 1559 615 1640 tilioejusdem
724 1559 858 1624 Arn.65.
891 1562 975 1636 „Die
1002 1568 1093 1624 octor
1114 1561 1205 1625 mcci

70 1663 210 1725 criminis
227 1681 283 1726 reo
300 1662 450 1724 neminem
470 1663 565 1740 alteri,
584 1669 616 1724 ut
668 1663 727 1724 deo
750 1682 826 1724 sone
846 1682 885 1725 os
908 1683 993 1726 neme
1015 1664 1054 1726 ob
1077 1663 1135 1726 lter-
1154 1684 1205 1725 um

71 1766 271 1847 exculpetur,
300 1765 497 1847 jurisjurandi
524 1782 615 1846 posse
667 1767 848 1845 opperiente
872 1766 1011 1846 beclcpet
1032 1768 1114 1830 wirla
1139 1767 1205 1840 [die

70 1854 216 1931 comitem
250 1887 336 1950 esse,
373 1870 425 1949 qui
458 1886 518 1932 non
550 1869 614 1948 ipse
667 1870 736 1931 wile
753 1869 883 1931 teroem
898 1889 964 1951 ymo
982 1869 1068 1931 nield
1084 1889 1203 1950 pesna-

68 1972 157 2051 prius
182 1974 362 2053 exculpatus
384 1970 490 2049 fuerit;
515 1972 615 2033 idern-
668 1972 737 2034 dent
759 1973 835 2047 nist
858 1973 926 2035 also
950 1973 1011 2035 doz
1032 1972 1088 2035 laer
1106 1992 1205 2035 swero

70 2091 135 2152 que
159 2081 191 2136 et
212 2075 243 2136 in
266 2076 332 2138 aliis
356 2076 512 2138 criminum
536 2093 615 2138 con·
667 2073 729 2155 nplr
744 2075 804 2137 den
819 2076 962 2156 hetligen.
983 2075 1043 2138 doz
1057 2075 1112 2138 ilie
1128 2096 1205 2139 sone

70 2177 211 2241 sortibus
234 2178 383 2244 obtinere.
669 2178 726 2240 der
737 2184 782 2240 tot
793 2179 980 2258 cnsclclda'p
991 2180 1030 2244 si.
1044 2181 1117 2242 wirt
1129 2180 1206 2242 eber

669 2282 758 2344 locide
774 2291 865 2345 octor
880 2281 963 2344 ende
984 2302 1043 2345 satn
1066 2282 1207 2363 beclopet

638 2397 640 2401 ’
668 2406 718 2447 om
735 2406 811 2468 eppe
828 2384 892 2448 tad.
917 2386 960 2448 do
977 2384 1034 2447 lter
1046 2387 1135 2448 mccl
1150 2387 1207 2449 laer

666 2490 719 2551 ine
741 2489 829 2551 nictit
846 2489 904 2552 ode
919 2508 1075 2570 gencmen.
1097 2491 1153 2553 laer
1167 2511 1206 2552 ne

667 2592 746 2654 dode
768 2593 837 2655 siclt
854 2593 938 2656 selbo
956 2593 1030 2655 ollio
1045 2600 1111 2656 erat
1128 2600 1206 2656 nnt-

668 2695 831 2770 redet’'¹).

71 2851 271 2860 —..-—-.-...--.
279 2850 283 2856 .

153 2931 186 3002 t)
210 2933 275 2991 Loci
297 2932 375 3004 hujus
401 2950 505 2990 sensum
531 2936 643 2992 mutavit
671 2933 813 2990 saxonicos
842 2933 962 3004 scriptor
991 2934 1139 3007 respiciens
1161 2937 1206 3008 jus

69 3027 238 3099 municipale
258 3027 415 3085 saxonicum
435 3036 485 3087 art.
501 3029 546 3087 to.
1202 3066 1219 3097 a

152 3122 240 3178 Notae
260 3121 355 3194 capitis
374 3122 428 3179 178
447 3124 549 3195 verbis:
571 3125 639 3196 „der
660 3131 737 3180 vator
757 3123 912 3179 antwvirtet
932 3123 985 3180 lvir
1006 3123 1058 3180 deo
1078 3143 1133 3181 svn.
1156 3096 1217 3182 dorie

69 3219 122 3274 laer
138 3215 306 3288 vagaatviret
318 3214 393 3287 aar,
413 3218 440 3274 in
451 3219 519 3289 juris
537 3222 682 3275 communis
702 3218 772 3274 libro
791 3218 968 3274 arecentiori
989 3235 1065 3274 manu
1085 3221 1111 3274 in
1131 3237 1206 3275 mar-

70 3312 139 3383 gine
159 3311 258 3384 procul
276 3310 359 3367 dubio
379 3312 442 3368 olim
462 3313 626 3386 adscriptae,
647 3315 715 3369 nante
732 3330 801 3368 nunc
819 3313 855 3368 ibi
872 3314 987 3369 insertae
1005 3313 1131 3386 leguntur
1147 3322 1208 3387 post
1327 3378 1329 3382 Α

71 3408 165 3462 locum
179 3405 214 3461 de
230 3405 309 3462 modo
325 3406 352 3461 io
367 3407 528 3478 castigandis
545 3409 681 3480 discipulis
697 3407 848 3463 adhibendo
870 3407 1016 3479 (capitibus
1031 3407 1206 3477 teo-191).

71 3501 225 3558 Saronicus
246 3500 363 3573 scriptor
384 3519 451 3572 quae
474 3503 502 3558 ia
520 3503 650 3559 bovarico
670 3503 742 3558 libro
762 3501 796 3557 de
816 3503 949 3559 bonorum
968 3509 1046 3574 parte
1067 3503 1207 3575 perfectae

10 3580 12 3593 Ι
72 3595 171 3650 aetatis
191 3593 252 3651 tiliis
271 3612 287 3650 a
308 3597 427 3667 patribus
448 3596 620 3654 concedenda
644 3598 732 3670 capite
756 3597 809 3651 186
829 3597 1000 3668 longinquius
1020 3596 1133 3668 disjecta
1154 3615 1206 3654 oc-

72 3695 204 3760 currunt,
230 3689 264 3745 ad
289 3689 380 3746 locum
405 3692 449 3747 cui
474 3692 677 3764 interpretando
698 3691 845 3748 inserviunt
868 3693 1022 3761 revocavit,
1047 3692 1152 3749 scilicet
1172 3694 1207 3750 ad

73 3785 235 3840 sententiam
248 3784 282 3840 de
296 3785 402 3842 actione
416 3803 451 3842 ex
464 3785 512 3841 filii
526 3785 626 3842 delicto
640 3786 666 3841 in
679 3793 784 3859 patrem
797 3802 849 3842 non
861 3785 957 3856 danda,
971 3793 1111 3858 postquam
1124 3805 1206 3861 sepa-

72 3885 162 3934 ratam
182 3878 229 3935 itte
249 3895 306 3934 rem
323 3881 485 3936 -iamiliarem
504 3881 605 3937 habere
625 3882 757 3953 coeperit,
780 3888 830 3936 art.
852 3881 888 3936 65
910 3881 1013 3937 verbis:
1041 3882 1110 3953 ‚pie
1130 3890 1207 3940 vater

74 3973 156 4028 mach
169 3974 224 4028 wol
241 3973 292 4029 den
312 3991 360 4030 son
380 3974 512 4031 sunderen
532 3992 585 4031 von
601 3993 661 4045 yma
675 3993 726 4032 vor
742 3977 864 4047 gerichte
884 3977 931 4031 mit
951 3976 1111 4033 iewelkeme
1126 3979 1207 4049 gude.

74 4067 126 4122 daa
147 4066 275 4124 diesuna
295 4085 423 4125 anucmen
437 4069 501 4125 will.
522 4071 572 4125 aui
593 4071 687 4139 cleyne
707 4071 757 4127 her
777 4068 828 4127 si.”
858 4071 1029 4143 transposito
1049 4079 1137 4128 autem
1157 4089 1207 4128 ca-

72 4161 141 4233 pitis
155 4159 210 4218 teo
227 4170 387 4234 argumento
405 4165 541 4235 subjunxit
562 4165 786 4236 continno‚,quae
807 4165 833 4220 in
849 4165 977 4222 bovarico
997 4166 1068 4222 libro
1083 4173 1207 4224 tractan-

73 4261 119 4310 tur
142 4257 272 4328 capitibus
295 4257 453 4326 tet-203.
494 4258 557 4314 lude
578 4258 751 4331 factumest,
776 4266 804 4315 ut
824 4261 932 4318 inverso
953 4279 1021 4319 nunc
1041 4262 1135 4319 ordine
1156 4263 1207 4320 sitii

73 4350 274 4426 respondeant:
