2722 4898
506 370 743 435 -139-

110 542 181 605 Lite
200 550 280 606 mota
299 543 408 606 nullam
426 545 597 625 procedere

49 647 99 708 rei
124 647 278 728 litigiosae
301 648 527 728 usucapionem.

112 853 218 915 Perire
243 859 340 915 autem
357 852 439 916 litem
456 854 597 932 triennio,

56 973 118 1035 quo
133 956 239 1037 elapso
252 963 300 1018 ter
311 964 495 1037 provocatus
511 964 598 1020 actor

703 544 768 608 Ari.
778 543 834 608 86.
850 540 934 622 ),Die
946 541 1016 609 colle
1028 565 1096 610 men
1111 547 1189 610 aber

649 668 707 728 epm
734 655 789 728 put
816 649 917 711 under
944 671 1051 731 cyneae
1077 658 1188 714 monne

651 751 787 831 becicpit
805 753 876 813 -.'’

57 1077 181 1122 causam
204 1067 386 1140 prosecutus
412 1078 473 1122 non
497 1059 596 1140 luerit,
656 1054 685 1143 '4

56 1163 115 1224 nisi
126 1163 262 1246 legitime
272 1163 433 1244 impeditus
445 1165 482 1225 in
497 1164 596 1226 inte-

59 1284 164 1348 grum
189 1267 489 1330 restitutionem
516 1285 595 1329 con-

61 1376 211 1448 sequatur.

654 1516 657 1521 -
682 1476 765 1530 'Art
784 1474 831 1530 87.
871 1474 936 1531 ilem
960 1474 1084 1531 beneficii
1109 1475 1189 1530 titulo

646 1570 680 1625 ab
706 1569 759 1625 alio
784 1570 829 1626 vel
859 1569 1012 1625 usufructus
1041 1570 1147 1626 nomine
1173 1585 1189 1623 a
1274 1573 1282 1595 '

648 1670 733 1719 matre
754 1664 798 1720 vel
818 1665 979 1737 proximiori
999 1670 1115 1735 cognatu
1134 1664 1187 1719 de-

645 1764 755 1828 tentam,
776 1759 821 1829 qui
841 1759 913 1831 pieni
930 1759 1041 1814 dominii
1053 1760 1117 1828 jure
1136 1757 1189 1815 sibi

645 1853 777 1923 vindicet,
802 1854 922 1926 probare
944 1859 1028 1910 semet
1048 1853 1188 1926 septimum

542 1998 546 2006 .
645 1947 746 2004 debere
779 1948 897 2019 ejusdem
927 1948 969 2003 rei
998 1963 1049 2021 pro
1080 1947 1188 2003 domino

118 2136 237 2210 Caput
261 2136 319 2196 210
347 2137 381 2194 ad
409 2137 597 2208 praecedentis

67 2232 152 2303 cupitis
167 2233 264 2289 verim:
285 2233 363 2301 „aaa
382 2250 416 2291 er
435 2232 499 2289 reiut
517 2249 596 2290 neme

67 2342 95 2382 ue
113 2328 175 2384 dnn
194 2323 400 2400 optemperat·

117 2423 194 2477 Reum
211 2423 256 2493 qui
273 2437 364 2476 coram
379 2422 470 2492 judice
490 2424 593 2478 consti-

65 2520 127 2569 tutus
142 2516 230 2587 lugam
247 2516 359 2589 arripiat
377 2533 430 2572 nou
451 2518 594 2573 observata

64 2612 136 2666 trium
162 2611 318 2668 citationum
343 2610 502 2669 solennitate
524 2628 594 2668 con·

64 2704 143 2761 iestim
161 2705 394 2778 proscribendum·
405 2723 473 2763 esse.

645 2043 842 2116 possessionem
864 2041 898 2098 ad
918 2059 947 2098 se
968 2042 1113 2115 pertinere.

705 2423 846 2492 „Scaenae
878 2439 941 2478 men
975 2439 1028 2478 cor
1060 2423 1187 2496 periclito

647 2517 806 2590 seleucidepa'l
826 2518 856 2572 in
880 2518 925 2572 siu
945 2518 1097 2574 unicorde.
1124 2519 1188 2573 wiri

647 2612 699 2667 lter
723 2611 907 2685 dinqllucltta'p
935 2612 1003 2678 [lter
1027 2613 1053 2666 a's
1078 2613 1109 2667 in
1136 2615 1188 2668 der

648 2706 730 2780 clope
751 2710 971 2775 semuncem).
1007 2707 1036 2762 Is
1062 2707 1115 2763 lter
1137 2706 1187 2761 bc-

647 2800 807 2873 scluuldept't
834 2818 881 2857 um
910 2800 1093 2873 asportante]
1122 2816 1187 2854 men

648 2897 695 2951 sol
710 2896 758 2952 lue
777 2890 943 2952 caecatio?

477 3179 762 3256 xxxvln.

140 3337 299 3421 Excipiunt
319 3347 407 3402 notas
426 3340 463 3402 ad
478 3339 625 3402 i'ancredi
643 3324 822 3420 opusculum
843 3339 881 3401 de
897 3336 1060 3419 judiciario
1079 3336 1186 3405 ordine

45 3441 87 3525 ⁵in
105 3442 247 3507 bovarico
266 3443 447 3506 collectione
469 3443 633 3524 (capitibus
649 3441 707 3505 211
718 3442 830 3522 -219,
849 3441 901 3505 ubi
916 3441 1097 3520 explicuisse
1116 3439 1186 3502 olim

55 3543 128 3625 juris
145 3548 311 3610 communis
333 3547 441 3610 librum
462 3543 663 3630 lassbergiani
687 3546 817 3626 exempli
840 3545 940 3609 scriba
963 3542 1141 3617 indicavit):

519 3644 725 3717 ailimmauta

49 3755 213 3834 nonnulla,
242 3772 282 3816 ex
311 3752 486 3843 vetustioris
516 3752 671 3835 cujusdam
701 3752 830 3837 exempli
858 3752 995 3835 margine
1026 3751 1063 3813 ad
1091 3751 1185 3832 partis

54 3850 141 3937 hujus
165 3856 280 3920 calcem
305 3857 455 3937 conjecta.
480 3840 665 3918 'Referenda
689 3855 830 3946 uidelicet
852 3863 936 3929 sunt:
974 3915 980 3924 ,

57 4013 263 4034 -a-r--nm

130 4098 162 4168 1)
187 4098 264 4155 Unde
290 4099 397 4171 inquam
423 4106 485 4172 post
508 4101 597 4155 locum
618 4097 652 4153 tle
672 4090 876 4169 probationiuus
896 4096 923 4151 in
943 4097 983 4152 rei
1005 4096 1185 4152 vindicatione

49 4192 192 4264 exigendis
217 4196 380 4267 interspersa
406 4195 475 4249 iraec
501 4193 750 4262 observatiuncula‚
781 4207 848 4262 quae
878 4192 964 4265 prima
996 4191 1064 4247 iacie
1094 4191 1185 4263 prodit
1305 4195 1307 4199 '

40 4289 129 4345 *unice
151 4289 184 4344 ati
204 4304 280 4346 reum
309 4290 334 4344 iu
350 4289 471 4362 'publico
488 4288 596 4359 ¹judicio
617 4287 729 4344 vinculis
754 4286 873 4358 elapsum
897 4287 1052 4359 portinere⁷
1078 4296 1131 4341 non
1152 4285 1185 4340 ad

47 4402 121 4454 eum,
144 4385 189 4455 qui
209 4374 283 4441 litem
304 4363 450 4441 contestari
471 4383 644 4457 praesensio
666 4399 743 4439 causa
765 4381 847 4439 civili
859 4381 967 4440 uoluit?
