2722 4898
60 1597 152 1709 duris
174 1640 252 1705 liber
274 1642 469 1722 speculum
492 1643 691 1707 suevicum
721 1646 802 1724 quod
823 1646 946 1728 vulgato
969 1664 1050 1710 nunc
1073 1647 1195 1712 nomine

60 1752 188 1808 vocatur
212 1745 287 1809 duas
316 1745 406 1808 habet
432 1753 549 1827 partes,
579 1747 709 1810 diversis
737 1749 867 1830 scriptas
896 1752 1091 1830 temporibus,
1116 1769 1196 1830 qua·
1224 1770 1257 1827 a

59 1869 124 1912 rum
145 1850 358 1930 prioresque
387 1850 589 1929 praestantior
615 1851 711 1912 extitit
740 1869 820 1914 anno
843 1851 1095 1930 MCOLXXXVll,
1118 1859 1197 1916 teste

59 1953 272 2034 lassbergiano
294 1953 434 2032 exemplo
459 1953 544 2033 cujus
571 1954 627 2015 sub
650 1954 755 2033 capitis
779 1953 842 2016 ata
864 1955 953 2017 tinem
976 1956 1092 2018 notavit
1115 1956 1197 2020 scri-

58 2057 152 2119 bens:
183 2055 273 2118 linem
301 2055 350 2118 bic
372 2055 485 2119 habere
511 2056 589 2139 juris
613 2056 778 2119 communis
802 2057 925 2138 librum,
955 2059 1097 2138 scriptum
1122 2078 1139 2120 a
1162 2076 1196 2122 se

60 2158 202 2222 Conrado
232 2160 269 2222 de
299 2159 559 2240 Luetzalenheim‚
589 2160 735 2239 diacono,
765 2162 795 2222 in
823 2178 896 2225 usus
920 2158 1061 2244 Gregorii
1091 2162 1197 2242 cujus-

61 2263 130 2324 dam
152 2263 190 2324 de
213 2262 407 2325 Falkenstein
430 2270 461 2324 et
484 2271 722 2326 consummatum
745 2283 783 2326 eo
808 2282 886 2327 anno
914 2266 945 2326 in
968 2264 1072 2347 vigilia
1095 2264 1198 2329 Sancti

59 2365 285 2429 Bartholomaei
307 2384 401 2447 prope
423 2366 603 2448 Friburgnm
624 2367 655 2428 in
677 2367 749 2430 villa
767 2365 951 2430 Verstetten.

146 2469 277 2532 Librarii
299 2469 377 2531 haec
400 2469 493 2531 verba
515 2487 576 2532 non
599 2470 759 2551 scriptoris
788 2487 858 2533 esse
884 2469 1018 2533 indicant
1041 2477 1099 2533 tam
1121 2488 1197 2534 sen-

60 2574 173 2634 tentiae
204 2573 440 2653 quamplurimae
470 2590 549 2651 quae
583 2579 740 2652 nequount
776 2572 848 2652 quin
883 2573 1118 2654 superinductae
1148 2581 1199 2639 aut

60 2694 77 2737 a
100 2676 230 2756 pristino
253 2692 309 2738 suo
337 2676 408 2738 loco
434 2683 533 2738 motae
557 2676 630 2754 sint,
661 2694 750 2754 qnam
780 2675 855 2737 tituli
884 2675 1010 2757 singulis
1039 2676 1198 2758 praemissi

59 2777 208 2859 capitibus
223 2778 275 2858 qui
294 2778 480 2862 argumentis
498 2779 576 2842 male
593 2779 771 2859 plerumque
793 2777 1013 2842 convenientes
1036 2778 1197 2843 scribentis

60 2880 204 2963 ineptiam
227 2883 368 2962 produnt.

145 2985 302 3048 Posterior
324 2985 392 3048 libri
421 3002 502 3065 pars
520 3002 560 3047 ex
586 2983 719 3047 fontibus
742 2983 826 3064 prius
849 3001 910 3047 non
934 2985 1074 3048 adhibitis
1097 2984 1197 3066 potis-

63 3090 167 3152 simum
196 3087 304 3151 hausta
327 3087 531 3151 recentiorem
559 3088 659 3170 arguit
687 3087 882 3167 scriptorem,
912 3088 964 3166 qui
991 3097 1106 3150 temere
1134 3106 1196 3154 non

63 3210 158 3273 pauca
188 3190 362 3274 congessit,
391 3209 470 3271 quae
498 3209 539 3254 ex
568 3191 701 3255 instituta
724 3191 838 3272 primae
865 3191 1055 3255 collectionis
1077 3192 1196 3255 ratione

64 3295 168 3360 melius
191 3280 356 3359 omittenda
377 3293 516 3359 fuissent.

145 3398 297 3461 Prioris
329 3399 423 3460 libri
456 3399 583 3479 partis
617 3397 729 3477 duplex
758 3397 796 3459 ab
826 3395 911 3460 initio
944 3396 1087 3460 materies
1120 3402 1198 3477 erat,

66 3501 212 3582 siquidem
235 3501 343 3581 juncta
371 3501 427 3563 sibi
449 3502 618 3581 partimque
641 3499 811 3563 intermixta
839 3499 963 3563 exbibet
986 3500 1081 3581 primo
1107 3505 1196 3562 notas

67 3605 101 3666 ad
129 3605 285 3683 antiquam
312 3604 519 3686 Bajuariorum
548 3603 664 3686 legem,
692 3610 815 3665 servato
845 3603 911 3684 ejus
939 3603 1016 3684 legis
1043 3603 1196 3666 titulorum

66 3708 169 3770 ordine
198 3724 338 3771 seorsum
368 3707 438 3771 olim
467 3707 612 3788 scriptas,
645 3706 754 3768 deinde
788 3704 918 3768 libellum
949 3705 988 3767 de
1012 3704 1196 3785 Judioiorum

69 3810 183 3889 ordine,
209 3809 313 3891 patriis
336 3810 605 3874 consuetudinibus
628 3809 871 3888 accomodatum,
895 3807 980 3888 cujus
1002 3807 1134 3888 scriptor
1157 3806 1197 3871 ad

65 3913 219 3995 exemplar
247 3931 281 3976 se
312 3912 511 3977 conformavit
538 3911 732 3976 celeberrimi
762 3912 836 3973 citra
863 3911 946 3990 alpes
969 3910 1069 3991 operis
1092 3909 1195 3973 Tan-

66 4016 171 4079 credi
200 4017 456 4081 Bononiensis
486 4017 523 4080 de
548 4015 712 4097 Judiciario
740 4015 907 4089 ordine¹)‚
938 4013 1021 4092 quod
1044 4012 1101 4075 alio
1124 4013 1195 4076 loco

66 4164 269 4172 ——-.———-

138 4239 172 4310 1)
193 4238 448 4297 Praestantissimum
474 4238 531 4310 ejus
556 4237 701 4295 editionem
727 4235 813 4293 dedit:
844 4237 1032 4306 Borgmann
1058 4232 1193 4303 (Fridls

62 4332 140 4407 litut,
162 4333 305 4407 tancredi,
326 4329 434 4392 Gratiae
454 4333 517 4390 libri
539 4332 572 4388 de
588 4331 751 4405 iudiciorum
772 4328 875 4389 ordine.
910 4327 1000 4388 (loeta
1017 4327 1099 4387 lata.

947 4434 991 4491 μ
