2722 4898
517 337 752 405 „203-

707 510 753 562 Ad
771 510 881 563 verbe:
899 508 1038 575 „Joeett
1055 526 1127 562 mon
1145 508 1200 562 tat

586 653 590 659 ἢ
660 598 712 650 ein
728 598 821 650 reciet
838 614 886 649 eor
902 599 972 649 deme
990 597 1101 666 kuninpe
1112 597 1194 650 -”.·'

705 683 758 736 Art.
773 683 830 734 129.
853 684 946 747 „Swen
963 684 1005 735 ein
1017 684 1131 736 mettere
1143 683 1199 736 oir-

656 773 809 822 'vestet-P

704 857 758 910 Art.
772 857 829 909 130.
852 860 942 922 „Smer
953 859 981 908 in
996 857 1037 907 die
1052 856 1128 908 echte
1141 855 1200 907 wint

658 952 737 1012 getan
755 962 804 995 ane
821 945 933 1012 cestiope
945 945 993 982 -”
1006 944 1040 1008 ¹).

121 1050 243 1130 Ceput
258 1047 330 1113 298.
352 1047 516 1112 Auctorem
533 1067 609 1128 prc—
711 1048 778 1114 Art.
804 1049 874 1114 131.
918 1049 1033 1125 „Socer
1059 1049 1114 1110 mit
1143 1047 1200 1109 der

59 1154 200 1216 beticnis
223 1171 317 1216 censa
339 1153 371 1215 in
391 1152 473 1214 litem
495 1170 610 1215 vocare
661 1153 848 1234 tuottusteo
870 1154 927 1216 tud
946 1172 1106 1234 peoonpeo
1128 1151 1201 1213 wint

60 1256 139 1319 furti
162 1255 314 1318 manifesti
340 1274 396 1318 reo
419 1273 480 1318 non
501 1255 608 1320 licere.
660 1257 715 1318 mit
738 1257 817 1319 dode
841 1258 917 1318 oder
939 1259 994 1318 mit
1016 1258 1121 1319 roche.
1144 1254 1201 1316 dee

61 1360 109 1421 11Ιί
125 1376 205 1421 vero
222 1358 302 1440 epud
318 1374 407 1438 quem
425 1358 535 1422 furtum
550 1377 608 1421 nec
660 1380 699 1422 ne
715 1359 804 1421 much
822 1360 877 1421 ter
895 1379 937 1422 oo
954 1361 1118 1423 otctetoen
1134 1378 1200 1421 roe-

62 1461 257 1525 meniiestum
288 1469 467 1543 conceptum
497 1462 534 1524 sit
561 1470 609 1524 ter
660 1482 717 1525 ren
739 1469 817 1527 tuen.
856 1464 928 1524 Vtot
950 1465 1027 1525 aber
1049 1483 1107 1544 epo
1129 1481 1201 1524 mco

63 1565 271 1649 quadraginta
305 1567 438 1628 noctium
470 1566 608 1628 inducias
660 1569 711 1629 eto
743 1573 799 1646 pot
830 1565 931 1627 under
963 1566 1104 1646 pmuode.
1140 1565 1202 1627 daz
1267 1611 1269 1614 -

63 1669 285 1731 concedendas
318 1683 388 1732 esse
422 1669 461 1730 ed
491 1669 608 1750 judicio
658 1689 725 1752 pme
742 1669 887 1749 percutit
906 1669 983 1730 oder
1000 1670 1139 1749 pestoleo
1160 1670 1200 1730 ie.

64 1772 234 1835 sistendum
257 1779 421 1851 auctorem,
445 1790 504 1852 quo
526 1774 607 1835 litem
660 1773 720 1835 deo
757 1786 793 1834 er
826 1771 982 1834 nicteioir
1014 1771 1201 1851 tonttoften

63 1876 253 1956 suscipiente
278 1877 344 1957 ipse
372 1874 443 1939 furti
472 1876 607 1939 criminis
660 1877 716 1938 tud
732 1875 959 1957 pecctotdcgeo
972 1894 1012 1937 ne
1025 1874 1123 1936 moed.
1143 1872 1201 1935 der
1311 1914 1313 1919 »

65 1979 272 2043 absolvendus
295 1980 342 2044 sit.
658 1986 722 2043 met
744 1998 786 2042 on
807 1980 898 2042 einen
920 1997 1023 2041 mereo
1041 1984 1120 2040 tzere.
1146 1976 1199 2050 [ob

658 2102 726 2146 men
748 2102 804 2146 ene
827 2101 867 2146 uc
889 2082 1016 2164 compte
1038 2082 1082 2145 do
1103 2098 1200 2142 omme

658 2188 810 2267 prozit].'’

126 2285 235 2360 caput
259 2286 325 2343 299.
367 2288 410 2342 Ad
435 2288 530 2360 cepitis
550 2289 607 2345 298

65 2383 166 2439 verbe:
187 2380 262 2454 „den
275 2382 322 2438 sol
334 2399 365 2438 er
375 2383 413 2438 im
427 2391 476 2457 top
489 2379 608 2457 petend’:

123 2478 154 2533 Si
175 2477 232 2532 dies
253 2476 286 2532 ed
310 2476 507 2549 suscipiendum
529 2478 606 2550 judi·
710 2477 827 2548 „Scene
848 2495 900 2552 epo
919 2493 986 2534 mun
1004 2476 1199 2550 cooperiente

62 2572 179 2629 riarium
196 2579 333 2628 certamen
347 2572 422 2627 dotus
438 2573 482 2644 sit,
502 2573 607 2628 interim
659 2591 696 2629 zu
726 2572 843 2644 compte
872 2571 945 2628 cett.
975 2572 1051 2628 ende
1075 2571 1139 2626 eirt
1164 2572 1200 2627 de

61 2667 206 2723 mendetur
217 2667 379 2723 adversariis
392 2673 420 2722 ut
430 2684 523 2740 pecem
537 2668 607 2741 inter
660 2669 740 2742 ctoge
754 2667 805 2722 mit
818 2667 926 2722 crteten
940 2666 1059 2739 perstet.
1079 2682 1112 2721 so
1125 2682 1198 2721 wer-

60 2777 91 2818 se
108 2767 226 2818 teneant.
254 2760 293 2817 De
311 2762 396 2816 irecte
413 2777 481 2834 pece
497 2764 520 2819 si
537 2779 605 2819 con·
659 2763 706 2819 tet
729 2778 792 2818 meu
817 2761 863 2818 ine
890 2760 969 2816 tetdo
998 2761 1092 2816 crede.
1124 2760 1199 2815 unde

60 2863 204 2928 queratur,
225 2875 256 2913 ee
275 2857 308 2912 de
325 2874 425 2913 renen
444 2874 540 2914 novem
557 2861 606 2928 ju·
658 2858 722 2913 uuirt
741 2857 792 2911 der
811 2854 979 2930 gebrechen.
1001 2870 1064 2910 meo
1084 2853 1129 2909 sot
1147 2870 1198 2910 ene

61 2951 204 3008 dicieriem
218 2967 333 3024 pugnem
349 2951 541 3025 spondendum,
558 2951 606 3007 sed
659 2953 792 3008 attereret
811 2949 947 3007 donceres
968 2951 1076 3006 euoder
1095 2947 1197 3020 dempto

64 3109 153 3117 ——--›
169 3112 230 3116 --ωψ
247 3112 270 3116 ‹-

61 3210 217 3267 differrent.
254 3209 404 3268 Saronicus
429 3217 519 3268 eutem
544 3210 662 3284 scriptor
684 3212 728 3283 jus
756 3215 858 3267 tentum
887 3224 1052 3282 componere
1077 3209 1196 3280 volebat,

61 3304 152 3377 quod,
178 3305 299 3378 exceptis
320 3305 487 3379 municipiis,
511 3324 562 3379 per
581 3312 665 3363 totum
686 3305 833 3363 Surrentum
852 3303 974 3362 similiter
994 3304 1196 3362 observaretura

59 3400 156 3471 lteque
176 3401 293 3472 cepitum
312 3401 369 3458 296
390 3407 417 3458 et
437 3401 492 3459 291
513 3407 671 3472 argumente
696 3406 744 3457 eut
768 3399 876 3456 omnino
901 3398 1049 3470 rejicienda
1074 3397 1197 3468 fuissent,

61 3501 108 3549 eut
123 3493 165 3549 ibi
175 3494 262 3565 dicte,
282 3496 351 3552 sicut
366 3496 465 3553 iactum
479 3502 529 3567 est,
548 3495 648 3552 reterri
663 3494 796 3552 debebunt
810 3493 844 3550 ad
860 3510 1010 3567 supremam
1022 3492 1098 3571 regis
1107 3491 1195 3565 juris-

60 3589 218 3659 dictionem,
238 3607 307 3661 quae
323 3607 373 3663 per
387 3591 531 3647 Seroniem
546 3604 652 3662 quoquc
673 3589 883 3660 extendebatur3
904 3589 969 3644 licet
988 3587 1091 3660 regium
1108 3586 1195 3656 juris-

60 3684 209 3740 dictionem
230 3685 256 3739 in
273 3684 341 3754 juris
359 3674 504 3741 communis
523 3685 595 3741 libro
615 3690 715 3740 tentum
736 3690 859 3758 spectent
879 3701 948 3756 quoe
968 3683 1016 3738 sub
1030 3681 1125 3754 cepitis
1139 3677 1195 3737 2'97
1290 3732 1292 3736 .

59 3778 141 3834 finem
168 3779 304 3849 leguntur..
347 3779 461 3836 Mutetur
486 3780 569 3851 igitur
593 3796 685 3836 rerum
714 3784 890 3835 tractatorum
917 3776 986 3834 crdo
1010 3778 1037 3834 iu
1067 3776 1195 3833 saxonico

59 3872 134 3928 libro
154 3888 209 3929 non
226 3873 353 3930 fortuitus
373 3880 422 3945 est,
442 3874 489 3933 sed
510 3875 634 3933 convenit
654 3880 756 3931 muteto
776 3875 854 3945 hujus
873 3873 936 3929 libri
956 3872 1080 3929 consitio.

141 3965 173 4034 1)
199 3969 323 4025 Alterum
340 3970 386 4026 hic
407 3970 491 4025 hebes
512 3969 662 4042 exemptum
685 3971 730 4037 (ut
747 3984 830 4042 supra
848 3985 876 4040 p.
890 3966 948 4025 133
959 3973 987 4022 et
1001 3966 1057 4025 134
1073 3965 1100 4021 in
1116 3969 1193 4034 note)

57 4062 116 4118 toci
135 4069 279 4140 tantopere
299 4082 314 4120 e
334 4064 422 4137 primo
442 4065 570 4121 senonico
589 4065 724 4136 scriptore
745 4063 867 4136 corrupti
888 4065 953 4130 (ert.
966 4060 1047 4132 122),
1067 4067 1097 4116 nt
1109 4076 1194 4117 sexo-

57 4156 121 4213 nici
131 4157 194 4213 litrri
210 4161 368 4230 recognitor
384 4160 480 4237 iterum
496 4164 654 4231 compereto
667 4159 798 4240 hererico
811 4158 882 4214 libro
896 4173 956 4213 eum
977 4157 1046 4213 meic
1060 4156 1194 4227 omissum,

58 4266 174 4324 eumque
194 4254 229 4310 cb
247 4270 364 4325 oensem,
384 4255 447 4310 licet
467 4259 566 4310 mutate
584 4254 659 4325 sede,
678 4253 854 4327 supplementi
871 4269 950 4309 oense
965 4251 1052 4308 denuc
1067 4251 1193 4307 inseren-

57 4347 122 4404 dum
144 4365 201 4405 esse
222 4349 376 4407 crediderit.
