2722 4898
111 577 114 583 .
162 519 281 602 (iaput
297 517 473 585 lldlicc.
497 517 647 586 Summum

110 625 247 689 obtinere
262 624 363 688 locum
379 639 497 707 regem,
517 621 649 686 medinm

111 729 160 793 cui
178 728 244 810 ipse
262 744 319 789 rex
330 725 648 808 judicandipotesm-

108 811 169 894 lem
191 829 317 909 dederit,
342 827 464 892 tertium
487 827 536 891 oui
557 826 647 890 dele-

109 940 178 1017 gata
200 933 238 1012 sil
260 938 386 1012 accepia
408 949 427 994 a
448 947 526 1014 rege
547 928 649 1011 juris-

110 1036 210 1101 dictio.
244 1034 377 1098 Ulterius
399 1032 647 1116 jmisdierionem,

109 1157 169 1221 qua
187 1137 280 1223 gladii
293 1142 430 1218 poteslas
448 1134 649 1214 continemur,

113 1240 313 1325 delegandam
334 1256 396 1303 non
419 1243 543 1314 esse1).

164 1357 302 1440 Gapnl
325 1358 396 1422 115.
440 1355 649 1421 Ecclesiastici

109 1460 263 1544 principes
278 1479 383 1545 aroge
399 1478 578 1525 concessam
593 1459 649 1523 sibi

105 1565 348 1647 jurisdictionem
360 1564 547 1648 delegantes,
558 1559 651 1647 gladii

109 1674 289 1749 potestatem
306 1667 404 1750 Judioi
426 1666 464 1729 ab
485 1667 552 1748 ipso
573 1683 649 1749 rege

111 1770 246 1836 conferri
270 1776 386 1836 curent.

162 1882 320 1967 Delegalis
350 1900 368 1945 a
401 1880 479 1944 laico
513 1879 648 1962 principe

106 1984 259 2067 judicibus
279 1985 366 2067 regia
382 1983 474 2068 gladii
491 1982 651 2065 potestatis

112 2087 315 2151 concessione
353 2104 429 2166 opus
467 2103 529 2148 non
569 2101 652 2164 esse,

112 2207 202 2271 quum
228 2188 299 2252 laici
320 2187 472 2269 principes
502 2187 533 2249 in
562 2193 652 2269 caput

23 2367 27 2375 Ι
112 2290 406 2354 animadversionem
425 2307 504 2370 quae
523 2289 653 2371 delege-

112 2400 171 2473 tur,
193 2394 250 2474 ipsi
268 2392 410 2473 habeant,
432 2391 651 2456 ecclesiasticis

114 2502 213 2558 aulem
234 2495 422 2576 principibus
449 2494 531 2559 sacri
553 2512 652 2558 cano·

113 2616 169 2662 nes
203 2616 355 2662 exercere
389 2617 450 2663 non
482 2598 652 2679 permittant

108 2701 366 2783 jurisdictionem,
398 2701 429 2771 in
457 2720 517 2781 qua
546 2698 652 2781 capitis

114 2803 277 2868 discrimen
298 2810 445 2869 vertatur.

163 2915 253 2973 Armis
273 2913 306 2970 de
332 2916 496 2987 reprehensa
520 2913 652 2970 sententia

748 2913 1114 2985 „Umortclnemotos'emr

114 3008 288 3078 contendere,
309 3007 333 3064 si
353 3015 430 3065 extra
446 3007 652 3079 regisdribunal
705 3015 752 3064 teo
763 3008 984 3066 concordante
997 3004 1114 3066 ricdc''¹

116 3117 197 3159 cansa
217 3101 419 3173 arscennene
439 3117 507 3160 esse.

118 3266 321 3277 mu-

192 3368 224 3439 1)
245 3367 465 3426 Praetermissum
485 3385 500 3426 e
519 3369 609 3445 primo
629 3370 758 3428 saxonico
778 3370 913 3445 scriptore
936 3369 1006 3428 hunc
1025 3368 1114 3428 locum

24 3527 28 3534 0
115 3463 292 3539 appendicem
310 3466 450 3539 posterior
469 3464 577 3536 quidam
597 3472 692 3522 auctor
712 3464 946 3524 relulidart.143
968 3465 1025 3535 (111.
1046 3482 1071 3523 a.
1091 3464 1114 3524 31

191 3576 223 3645 2)
244 3576 340 3632 llerilo
365 3574 393 3631 in
417 3576 595 3649 suspicionem
614 3584 727 3635 vocatus
752 3578 965 3635 eccellentiae
990 3577 1054 3633 lmic
1078 3592 1113 3651 pr

116 3669 237 3728 saxonici
257 3669 402 3742 scriptoris
421 3668 510 3727 locus:

269 3764 375 3836 „Schilt
400 3765 473 3821 ouclr
492 3758 548 3839 'eyn
568 3765 649 3824 Same
673 3782 727 3837 eyn
748 3766 817 3823 uriel
843 3767 914 3823 unde
937 3766 1030 3825 trochi
1055 3781 1103 3824 err

231 3858 367 3916 vorderen
386 3859 457 3917 liant.
481 3860 551 3917 unde
571 3877 605 3918 an
625 3859 669 3916 die
689 3877 796 3918 merren
816 3877 937 3932 menyen.
958 3862 1009 3918 lrer
1028 3861 1114 3918 muli

232 3952 346 4010 rechten
375 3955 463 4011 selbo.
480 3954 598 4011 schende
628 3954 701 4012 siner
734 3962 852 4027 genoten
881 3956 976 4013 weder
1007 3957 1109 4014 andere

231 4063 303 4105 swar
329 4047 374 4103 die
398 4065 488 4104 merra
513 4065 609 4119 menye
634 4065 700 4121 sege
724 4051 837 4110 veehlil.
864 4052 897 4108 de
923 4052 1016 4109 behold
1039 4051 1114 4108 dari

231 4143 291 4198 Ari.
306 4141 351 4197 59.
383 4142 490 4199 chelk
509 4143 623 4216 virsegil
643 4160 703 4199 man
722 4145 832 4202 weddel
851 4146 929 4203 dene
948 4146 1078 4204 richlere.
1098 4162 1114 4202 n

233 4235 310 4292 deme
330 4238 409 4294 huno.
430 4236 474 4292 die
494 4237 550 4309 apli
570 4238 793 4311 enegemclnm
812 4237 892 4311 baffi

118 4345 232 4407 quocum
252 4331 432 4391 conferendus
451 4337 493 4391 est
509 4332 763 4429 quedlinburgensis
778 4332 902 4425 exempli
921 4332 1051 4395 articulus
1067 4334 1114 4396 lli
