2722 4898
519 371 750 440 -125-

123 543 323 619 Caputtsst.
364 546 436 604 Looo
458 547 492 604 de
513 547 608 604 titiisa

59 642 189 717 patribus
212 643 368 714 separandis
392 643 547 715 adjungitur
567 644 610 699 hio

62 737 190 809 quaestio
216 736 251 792 de
277 736 385 793 aedibus
409 754 424 793 a
446 737 505 793 solo
526 755 609 811 sepa-

62 832 166 889 randis,
194 832 275 888 Notat
291 831 385 903 eapitis
398 832 476 903 huJus
491 832 609 904 scriptor

64 927 191 984 aedificia
206 943 221 981 a
237 925 334 981 ootono
349 932 500 982 oonstruota
515 928 610 982 eodem

64 1039 119 1095 quo
144 1023 230 1077 sotum
257 1021 319 1091 jure
349 1020 382 1075 ad
413 1024 470 1094 ejus
495 1021 610 1077 heredes

63 1117 193 1185 transire,
213 1115 263 1170 uisi
280 1131 360 1186 eques
381 1116 512 1187 ejusmodi
529 1114 607 1171 aedi-

64 1212 126 1266 tioia
156 1212 184 1264 in
215 1225 326 1264 uxorem
357 1211 517 1266 matutinalis
546 1212 608 1265 doni

64 1305 173 1362 nomine
193 1303 345 1374 contulerit
366 1321 419 1375 quo
440 1322 502 1361 easu
520 1322 609 1360 seeum

64 1400 139 1455 terre
150 1398 320 1470 superficiem
333 1399 428 1454 viduae
440 1400 547 1469 licebat,
559 1400 609 1455 nisi

65 1494 242 1549 redemissent
257 1510 315 1548 eam
331 1493 446 1550 heredes
459 1499 493 1562 ¹).
524 1495 611 1550 Finito

64 1596 154 1645 autem
190 1594 339 1661 perpetuae
374 1587 516 1645 locationis
546 1592 609 1661 jure

65 1684 147 1740 aedes
167 1700 226 1738 oum
247 1684 306 1739 soto
322 1684 446 1757 resipere
465 1683 538 1739 tundi
555 1684 609 1739 do·

64 1780 212 1847 minum2).

124 1874 231 1945 Caput
247 1873 309 1929 188.
333 1873 422 1929 Aedes
437 1874 608 1928 usufructua—
719 1909 721 1914 η

62 1970 106 2024 rio
130 1970 194 2039 jure
220 1985 235 2023 a
257 1968 336 2023 vidua
363 1968 478 2023 dotalitii
503 1968 609 2023 nomine

61 2080 205 2137 possessas
221 2069 362 2136 postquam
378 2063 477 2118 obierit
497 2063 530 2118 ad
548 2079 609 2117 ma-

63 2159 109 2214 riti
131 2158 247 2213 heredes
267 2174 326 2212 oum
347 2157 419 2213 tundi
440 2158 608 2230 proprietate

63 2254 212 2325 pertinere,
233 2259 278 2307 aut
294 2252 395 2308 reverti
415 2252 447 2307 ad
464 2252 608 2322 dominum,

62 2366 77 2404 a
92 2363 147 2421 quo
161 2345 336 2403 beneficiario
347 2349 410 2418 jure
424 2346 531 2402 tandum
547 2362 606 2400 ma-

62 2445 130 2499 ritus
146 2442 264 2498 tenuerit
276 2445 313 2510 ⁸).

153 2590 270 2598 ...Μ

62 2677 131 2732 tiber
157 2679 233 2731 notat
258 2673 365 2730 artiouti
386 2674 422 2730 66
447 2674 556 2730 verbis:
578 2675 700 2745 „Brnder
727 2677 794 2731 unde
820 2681 933 2730 swester
951 2676 1012 2745 -”,
1039 2677 1064 2731 in
1086 2677 1197 2732 fratrum

11 2830 15 2835 ,
63 2786 223 2850 sororumve
244 2768 430 2825 detunctorum
455 2770 532 2826 bonis
552 2787 567 2826 a
588 2776 699 2843 paterna
720 2770 865 2826 substtntia
886 2785 938 2825 non
959 2771 1091 2842 separatis
1111 2788 1197 2844 praa-

63 2867 129 2922 terri
149 2866 430 2935 iratres'sororesque
451 2880 507 2919 rem
527 2864 667 2920 indivisam
687 2866 819 2920 habentes
838 2880 903 2937 prae
924 2863 987 2934 inis,
1009 2865 1052 2934 qui
1069 2871 1200 2937 paternae

64 2965 235 3016 materndeve
256 2958 297 3013 rei
319 2958 429 3012 diuisam
450 2960 607 3032 acceperint
628 2967 745 3032 partem,
758 2960 877 3014 ¹fratrum
892 2974 962 3013 vero
978 2958 1051 3031 prius
1072 2960 1101 3014 in·
1118 2975 1196 3014 eom-

64 3055 188 3111 mnaione
208 3045 394 3108 detunctorum
415 3051 485 3108 titios
502 3054 602 3108 'eodem
618 3055 687 3110 -tooo
707 3054 816 3123 haberi,
838 3069 891 3124 quo
913 3054 1070 3125 superstites
1090 3053 1221 3140 fratres,x

64 3150 107 3220 qui
129 3165 143 3203 a
164 3146 325 3203 hereditatis
344 3160 408 3200 oum·
425 3145 551 3202 detuncto
572 3149 756 3204 communione
778 3148 971 3204 discessissent.

139 3243 216 3310 Quae
236 3246 383 3312 sequuntur
403 3243 499 3296 verba:
527 3241 599 3312 „vn
620 3243 749 3311 wergeltx
762 3242 832 3296 unde
853 3243 924 3297 vutte
950 3244 1018 3298 hune
1044 3244 1083 3298 sot
1109 3244 1196 3298 haben

63 3335 162 3394 iewetk
188 3351 247 3391 man
274 3335 299 3390 al
325 3334 411 3390 darre
436 3336 485 3390 her
506 3339 579 3408 eynis
606 3336 683 3392 tedis.
707 3338 739 3391 di
760 3338 823 3392 wite
849 3337 899 3390 trer
920 3352 969 3391 ror
990 3338 1120 3409 gerietrtis
1139 3337 1203 3392 sine

62 3433 188 3489 temnisse
207 3430 280 3485 nidtrt
297 3431 419 3486 bewisot.
441 3431 534 3486 eodan
550 3430 679 3486 herdarn
694 3431 859 3486 vormunden
875 3427 1052 3501 gewinnen''3
1073 3437 1194 3502 apertum
1239 3469 1242 3475 -

62 3532 103 3582 est
118 3526 188 3582 mate
206 3525 259 3580 hue
275 3525 375 3581 inserta
392 3525 457 3596 tegi,
479 3541 557 3596 quum
578 3526 730 3598 pertineant
750 3525 783 3580 ad
804 3524 909 3580 artienti
925 3524 963 3579 on
975 3525 1072 3580 verba:
1095 3542 1194 3594 „wun-

62 3621 106 3677 det
128 3636 188 3676 man
205 3635 258 3688 epn
278 3631 338 3674 men
358 3636 391 3674 an
411 3636 465 3688 eyn
486 3619 538 3675 ted.
561 3619 610 3675 dan
630 3620 655 3675 in
671 3619 706 3674 im
721 3619 870 3690 vergutden
887 3620 908 3674 is
923 3634 973 3675 vor
986 3619 1109 3689 geriatrte
1123 3621 1195 3675 ete.”

141 3714 171 3784 i)
196 3713 273 3770 Gont.
295 3729 374 3786 supra
401 3714 489 3786 eapite
511 3712 547 3769 18
569 3713 673 3769 verbis:
700 3714 789 3784 „vnde
816 3704 883 3770 nine
909 3714 962 3768 vnd
989 3714 1135 3784 genimmer
1159 3717 1194 3784 ob

61 3811 110 3866 der
131 3809 199 3865 orde
214 3809 279 3865 ;·.,”

137 3904 171 3973 2)
195 3904 254 3960 Art.
272 3902 309 3957 66
329 3901 434 3958 verbis:
459 3903 528 3972 „Die
548 3903 678 3958 tinsmann
703 3907 785 3972 [suar
806 3903 855 3959 trer
875 3902 908 3971 si]
931 3904 983 3958 ertt
1002 3904 1042 3959 sin
1063 3905 1194 3975 gebuwer

58 4001 151 4074 npptre
171 3998 245 4053 sinen
266 3997 351 4052 erden
366 3993 428 4051 -.”
905 4053 911 4063 ,

137 4092 172 4160 3)
196 4093 255 4148 Art.
275 4090 326 4146 oo:
353 4091 424 4161 „uae
444 4092 513 4147 ouotr
534 4108 586 4160 eyn
610 4092 684 4163 wiptr
710 4092 860 4162 tibgetueht
874 4087 939 4146 —.”
970 4092 1193 4149 Commentatoris

56 4203 165 4243 manum
179 4186 271 4258 prodit
285 4187 366 4255 ratio,
385 4202 451 4257 qnae
466 4187 492 4240 tn
507 4186 634 4241 saxonioo
648 4185 720 4240 titire
735 4185 822 4240 addita
838 4186 938 4255 tegitur
952 4187 1056 4242 verbis:
1078 4200 1193 4257 „wenne

55 4280 159 4338 iewettr
177 4297 237 4336 man
258 4287 313 4336 mut
327 4281 381 4337 wot
398 4280 437 4336 sin
452 4282 550 4352 gehuw
564 4281 695 4336 berneres
716 4280 785 4337 nude
806 4296 922 4351 ergeren
943 4281 1033 4354 upphe
1050 4281 1114 4336 sime
1131 4282 1191 4337 tene

54 4377 153 4438 weder
174 4375 244 4432 sines
264 4375 363 4430 herren
384 4375 464 4431 n'itte.
486 4375 544 4433 also
566 4381 619 4429 mut
639 4375 673 4430 de
695 4389 788 4430 vrowe
809 4374 862 4446 uptr
883 4375 937 4430 irer
958 4371 1137 4447 trpgeauenr.”
1196 4412 1198 4418 ·
