2722 4898
523 371 760 436 -iOi-

67 542 89 600 si
108 542 187 600 Saxo
201 543 383 616 reprehendat
402 542 477 615 regis
498 543 616 602 tribunat

68 638 225 694 adeundum
240 655 313 709 esse3
330 639 453 711 idemque
466 640 537 697 inter
552 641 616 696 atius

67 734 197 790 nationes
217 734 329 792 servari.

567 929 716 1001 XXV.

268 1081 519 1154 Tancredl
539 1080 847 1166 jnndtotartus
876 1085 1015 1155 ordo·
1037 1154 1040 1158 Α

515 1217 608 1279 Pars
634 1217 764 1282 tertia.

156 1371 257 1432 Tertia
286 1371 369 1433 latini
399 1371 502 1453 operis
531 1371 609 1433 haec
637 1389 707 1452 pars
739 1389 798 1450 qua
828 1374 961 1454 scriptor
988 1375 1019 1436 in
1048 1376 1205 1456 prooemio

66 1474 259 1538 indicaverat
281 1475 470 1554 tractandum
493 1491 579 1536 esse:
994 1457 997 1461 ’

229 1577 288 1656 „de
310 1577 369 1639 litis
392 1579 613 1640 contestatione
644 1586 674 1639 et
704 1579 840 1642 omnibus
867 1599 946 1660 quae
976 1589 1146 1662 sequuntur
1174 1582 1205 1645 in

223 1680 339 1760 judicio
363 1681 401 1743 ad
423 1679 606 1744 diffinitivam
628 1699 727 1760 usque
750 1683 949 1745 sententiam”

65 1791 132 1846 tota
156 1781 222 1844 fere
246 1790 387 1847 versatur
403 1784 432 1845 in
455 1783 644 1865 exponendis
660 1783 863 1847 ecclesiastici
877 1786 956 1866 juris
979 1788 1103 1869 regulis,
1123 1806 1204 1869 qua-

64 1906 135 1949 rum
165 1886 265 1949 nullus
288 1887 319 1963 in
347 1887 495 1950 laicorum
520 1886 643 1968 judiciis
666 1904 739 1949 usus
762 1895 844 1968 erat,
874 1889 955 1951 unde
979 1891 1204 1970 praetermissis

64 1989 222 2052 Tancredi
244 1990 352 2052 titulis:
459 2012 463 2019 ·

232 2086 254 2160 t
278 2087 316 2160 de
337 2087 402 2160 titis
424 2087 654 2176 contestatione,

215 2190 251 2264 ii
277 2191 315 2263 do
330 2190 505 2283 jnranento
527 2189 703 2281 oetentiae,

205 2293 252 2366 nu
276 2294 313 2366 de
335 2292 620 2383 intenogationitus
642 2292 790 2368 iaciendis
811 2293 937 2387 injure,

207 2397 252 2470 n.
277 2396 485 2487 ducentenis
507 2397 632 2488 injure,

221 2500 252 2573 t.
277 2498 315 2571 de
336 2499 573 2590 probationibus,

206 2602 252 2677 n
275 2604 313 2676 de
334 2602 477 2691 neuun,
500 2601 550 2693 oni
572 2605 604 2675 et
625 2603 731 2694 unates
752 2592 822 2676 esse
843 2603 970 2695 possint

64 2767 207 2776 —a-———
215 2765 275 2772 —-.

17 2899 20 2905 ·
57 2863 104 2932 jus
127 2876 205 2915 suuni
226 2864 251 2915 et
272 2857 451 2914 hereditatem
477 2858 597 2928 ejusdcm
617 2859 716 2930 inticis,
742 2859 811 2914 unde
832 2858 963 2915 Warious
983 2864 1061 2932 pater
1082 2859 1200 2938 ejusdem

61 2954 153 3011 Alicis
173 2953 278 3009 saisitus
299 2953 348 3008 fuit
367 2959 490 3024 ternpore
510 2953 584 3024 pacis
606 2959 633 3007 et
652 2960 775 3025 ternpore
789 2953 870 3023 Regis
891 2955 944 3024 avi,
964 2954 1071 3025 capiens
1092 2954 1200 3026 expieta

61 3049 96 3104 ad
119 3048 272 3104 valenciarn
287 3047 313 3103 V
329 3046 476 3102 solidorum
497 3053 523 3101 et
545 3047 604 3119 pius
625 3053 652 3101 et
671 3047 725 3102 hoc
746 3046 826 3103 offert
850 3047 1020 3104 diracionnre
1041 3066 1091 3123 per
1113 3049 1201 3117 [deest

60 3143 108 3199 iric
129 3141 283 3199 defensoris
302 3143 426 3211 nomen]‚
453 3142 497 3213 qui
520 3142 572 3197 hoc
594 3141 674 3196 offert
694 3142 812 3214 probare
833 3158 884 3215 per
905 3158 1003 3216 corpus
1023 3160 1098 3199 suurn
1117 3149 1146 3199 ut
1167 3142 1201 3200 de

60 3238 123 3293 uisu
147 3243 174 3293 et
195 3242 342 3310 praecepto
362 3235 446 3308 patris
466 3236 516 3305 sui,
536 3235 580 3306 qui
600 3235 653 3290 hoc
672 3235 741 3292 vidit
761 3243 788 3292 et
809 3236 918 3294 audivit.

146 3330 299 3388 Willeimus
315 3331 389 3387 venit
409 3336 436 3385 et
455 3329 608 3400 dicitquod
628 3346 681 3384 non
697 3329 753 3386 vuit
773 3331 834 3386 iude
855 3331 1033 3404 respondere,
1054 3330 1103 3387 nisi
1124 3331 1200 3386 curin

62 3424 295 3497 consideraverit,
320 3425 397 3497 quia
418 3423 736 3480 excommunicatus
758 3430 821 3494 est,
847 3430 962 3499 propter
982 3424 1089 3498 pingam
1110 3439 1198 3496 quan-

62 3521 145 3592 dam,
171 3519 334 3592 quemfecit
355 3518 458 3574 cuidam
482 3518 633 3589 sacerdoti,
660 3519 728 3574 unde
756 3524 864 3591 paratus
891 3525 933 3574 est
952 3520 1061 3574 Romam
1087 3517 1199 3574 tendere

63 3621 182 3688 propter
203 3614 398 3671 absolutionem
417 3612 624 3684 adipiscendam.

145 3707 287 3765 Gustamus
309 3707 374 3763 dicit
394 3707 466 3779 quod
485 3705 551 3761 iilud
571 3705 637 3761 fecit
656 3706 691 3762 111
712 3706 785 3763 annis
808 3706 951 3763 transactis
976 3712 1003 3761 et
1028 3704 1097 3761 inira
1124 3706 1198 3762 illum

66 3802 210 3860 terminum
229 3804 282 3858 alia
302 3801 363 3858 vioe
383 3800 522 3874 respondit
542 3805 570 3854 et
588 3800 667 3872 petiit
686 3801 770 3856 visum
790 3806 890 3858 terrae.

144 3898 178 3953 Et
191 3896 346 3954 Wilieiniun
366 3896 432 3952 dicit
452 3895 523 3966 quod
542 3910 591 3966 per
613 3893 742 3950 officiales
760 3895 860 3951 domini
880 3893 1003 3966 episcopi
1016 3893 1197 3951 Lincolnensis
1219 3920 1227 3937 κ

71 3996 221 4063 respectum
234 3990 370 4062 habuerit,
388 3990 510 4046 dominus
530 3995 617 4043 antem
635 3989 779 4061 episcopus
798 3988 925 4043 indixerit
945 3988 981 4058 ei,
1002 3986 1075 4060 quod
1088 3988 1216 4043 Romam·

74 4085 150 4141 adeat
163 4091 200 4141 ¹ot
225 4092 299 4158 petat
324 4083 519 4141 absolutionem
548 4098 598 4137 nec
627 4089 747 4139 moretur
773 4098 912 4154 quousque
939 4081 1074 4137 dominum
1099 4096 1197 4154 papam

79 4177 175 4237 adierit.

149 4274 209 4330 Dies
234 4275 309 4331 datus
334 4279 375 4330 est
399 4274 437 4331 eis
462 4288 477 4329 a
499 4273 541 4328 die
561 4271 677 4330 Paschae
702 4271 729 4327 in
753 4287 831 4328 unum
855 4287 987 4343 mensem,
1013 4270 1195 4327 voluntate

10 4386 19 4432 p
87 4363 182 4439 ipsius
201 4364 399 4428 Custantii.'’
