2722 4898
564 349 779 417 ...ω-

108 529 163 585 litis
192 527 300 585 domino
329 541 430 583 nocere
461 524 647 597 procuratoris

108 621 335 696 impedimentum,
353 620 425 693 quod
441 620 561 692 legitime
577 633 647 692 pro-

109 718 197 774 betur.

196 843 345 908 l'ancredi
367 842 497 906 titulum:

451 956 528 1030 xlx.
553 955 592 1028 da
613 948 896 1029 reconventionibns

109 1105 200 1166 quum
221 1082 491 1147 reconventionunu
512 1098 586 1146 usus
609 1082 640 1144 in
665 1079 886 1145 ecclesiasticis
906 1077 1094 1162 potissimum
1116 1077 1218 1161 judici

110 1190 245 1272 vigeret,
267 1185 425 1250 vernaculi
445 1185 538 1248 libelli
560 1184 705 1264 scriptor,
729 1189 779 1247 aut
801 1183 937 1247 bavarici
958 1189 1046 1247 certe
1067 1182 1140 1246 libri
1162 1199 1218 1247 con

110 1291 256 1369 cinnator,
279 1306 318 1351 eo
336 1287 446 1371 justius
468 1287 662 1351 omittendum
683 1284 743 1350 hoc
764 1286 835 1351 loco
858 1286 955 1367 drmit,
977 1285 1060 1367 quod
1082 1283 1218 1368 capitel

111 1392 231 1455 abunde
252 1408 291 1454 ea
314 1391 352 1454 de
374 1410 409 1454 re
429 1391 490 1473 jam
513 1390 625 1453 dictum
647 1388 694 1452 sit.

98 1488 100 1490 ’
195 1493 345 1556 l'ancredi
368 1500 466 1557 autern
488 1492 579 1556 tituli:

184 1625 247 1698 xx
275 1625 313 1698 da
334 1625 438 1699 ordina
453 1624 638 1718 judiciorum
658 1629 691 1698 at
711 1622 914 1698 incidentibus
935 1620 1167 1717 mundanitas

112 1759 311 1840 conveniunt,
341 1778 420 1842 quae
447 1759 612 1824 bavaricus
638 1759 716 1822 liber
744 1765 855 1823 tractat
883 1761 921 1824 de
951 1758 1052 1824 causis
1079 1756 1118 1821 ad
1148 1775 1218 1841 supe

111 1865 224 1927 ricrem
243 1863 376 1945 judicem
403 1862 575 1942 trahendis,
605 1864 846 1942 quotiescunque
876 1860 1012 1925 incidens
1040 1860 1218 1943 reprehensi

112 1966 295 2031 definitivam
317 1967 457 2047 impediat
479 1965 667 2030 sententiam

198 2068 368 2132 Saxonicus
391 2069 522 2150 scriptor
538 2068 662 2131 instituti
681 2067 828 2132 ordinis
819 2084 946 2152 ignarus
961 2052 1009 2129 ex
1031 2024 1113 2130 facta
1131 2084 1218 2150 repre

111 2170 228 2233 hensae
250 2173 420 2235 sententiae
443 2172 595 2235 mentione
616 2171 694 2233 male
719 2170 893 2255 colligens
880 2188 943 2252 Jarn
961 2169 1010 2232 hic
1030 2171 1068 2233 de
1086 2164 1218 2236 sententi

112 2271 246 2337 ferendis
281 2274 431 2356 agendum
459 2290 547 2354 esse,
580 2274 611 2336 iu
640 2291 732 2337 unum
760 2272 841 2336 huuc
869 2273 969 2337 locum
998 2274 1159 2358 congessit
1187 2281 1218 2337 ta

113 2393 191 2456 quae
210 2383 316 2457 postea
332 2377 495 2440 bavaricus
512 2377 589 2440 liber
607 2395 673 2438 earn
696 2376 735 2439 ad
752 2394 818 2453 rem
835 2377 1016 2458 pertinentia
1034 2375 1135 2458 ollert,
1160 2395 1218 2459 qua

114 2496 193 2557 quae
216 2497 256 2541 ex
278 2479 427 2542 saxonico
445 2478 630 2561 judiciorum
651 2495 709 2542 usu
731 2478 896 2562 supplenda
920 2479 976 2545 sibi
998 2479 1189 2545 viderentur.

199 2579 426 2661 Aliquantulum
453 2581 550 2663 major
578 2599 667 2661 quarn
700 2581 769 2645 alibi
798 2582 829 2644 in
858 2582 1047 2664 disponenda
1076 2601 1218 2668 argumer

113 2690 213 2748 torum
241 2686 323 2748 serie
352 2684 513 2748 diversitas
540 2685 611 2747 inde
640 2691 710 2748 nata
736 2690 800 2765 est,
830 2702 909 2767 quae
938 2684 1056 2751 collatis
1084 2687 1218 2771 utriusqu

113 2785 182 2850 libri
202 2787 279 2851 locis
302 2787 472 2852 distinctius
496 2786 662 2870 apparebit.

761 2924 860 2997 lncipit
885 2925 1007 2981 saxonici
1033 2926 1098 2983 libri
1122 2927 1158 2985 de
1181 2945 1218 2986 ser

705 3018 797 3074 tentiis
818 3019 937 3075 ferendis
956 3020 1045 3076 locus:

762 3115 822 3170 Art.
847 3113 884 3168 56
914 3130 930 3169 a
960 3114 1069 3171 verbis:
1111 3117 1218 3186 „Biana

706 3206 853 3264 dundeaec
878 3216 963 3282 tepea
990 3217 1050 3264 mut
1078 3227 1143 3266 men
1172 3212 1218 3269 m'c

706 3297 838 3374 diuqeu.'’

764 3396 857 3467 Pergit
891 3396 1008 3469 scriptor
1045 3397 1182 3456 disserens
1216 3424 1218 3445 ι

706 3490 828 3561 personis
866 3490 900 3546 ad
936 3491 1081 3548 sententias
1121 3493 1218 3551 diccnd

707 3583 878 3641 adhibendis:

764 3679 825 3734 Art.
837 3679 874 3734 56
888 3679 992 3735 verbis:
1013 3679 1119 3750 „taret
1135 3699 1173 3739 ue
1191 3699 1218 3738 m

708 3772 761 3828 och
786 3765 911 3829 nument
939 3774 1042 3830 cloden
1071 3774 1144 3832 oder
1169 3776 1218 3833 siaa

707 3866 811 3923 herren
831 3863 904 3938 —'’,
944 3869 1093 3941 respiciens
1125 3871 1218 3927 bavari

708 3961 771 4016 libri
791 3968 871 4033 caput
893 3960 963 4032 1513

765 4055 825 4112 Ant.
840 4056 878 4110 57
898 4056 1004 4112 verbis:
1029 4055 1218 4129 ,seranta

708 4149 775 4206 tede
798 4166 899 4207 mese»
922 4151 1023 4207 ardete
1051 4151 1157 4208 aledea
1180 4153 1218 4210 ud

707 4244 839 4302 mutes
856 4261 923 4302 mcc
938 4241 1007 4316 -'’,
1031 4245 1178 4320 proposito
1202 4264 1218 4304 s

710 4343 804 4415 aptans
822 4340 945 4401 bavarici
962 4339 1029 4400 libri
1043 4346 1129 4416 caput
1145 4340 1215 4403 278.
