2722 4898
596 354 907 422 ..10-.

139 531 168 596 in
190 531 327 616 margine
357 532 395 594 ad
423 549 512 595 unam
535 549 686 613 quamque
715 552 780 595 rem
809 532 948 597 saxonici
977 534 1046 597 libri
1069 537 1117 599 vel
1144 536 1274 622 integris

140 637 273 699 articulis
291 635 339 700 vel
363 636 559 699 articulorum
582 636 727 716 periodis,
751 636 859 717 quibus
881 636 960 701 idem
982 646 1029 701 cst
1052 648 1273 723 argumentum.

137 741 257 805 Deinde
285 747 354 820 post
382 740 517 803 bavarici
550 740 617 803 libri
646 741 807 820 particulas
841 758 916 821 quas
949 743 1064 822 primae
1098 745 1274 828 scriptionis

139 845 232 908 baisse
261 845 328 906 veri
358 862 419 906 non
447 861 574 925 prorsus
606 844 748 907 dissimile
771 845 906 924 videtur,
937 846 1147 910 minutioribus
1176 849 1274 912 literis
1346 902 1348 906 .

139 946 184 1013 ab?
198 954 330 1028 utroque
352 947 483 1030 paginae
505 946 600 1010 latere
624 948 758 1010 notitiam
781 947 859 1012 dabo
882 956 941 1012 tam
965 950 1166 1031 additionum,
1197 970 1274 1033 quas

137 1055 166 1117 in
189 1050 493 1116 bavaricam-librum
517 1053 671 1114 recentior
688 1070 804 1116 manus
832 1053 989 1117 induxisse
1025 1054 1274 1136 deprehenditur,

137 1175 227 1238 quam
243 1155 469 1234 emblematum,
493 1173 571 1235 quae
593 1156 823 1237 interpretandi,
840 1157 1017 1239 corrigendi
1040 1165 1090 1221 aut
1113 1160 1274 1240 supplendi

139 1279 233 1324 causa
255 1259 474 1322 unus-alterve
497 1260 635 1323 saxonici
652 1260 721 1323 libri
743 1260 876 1342 scriptor
899 1261 1065 1343 adjecit1).
1102 1261 1151 1325 Ad
1174 1262 1274 1327 bava-

138 1365 194 1428 rici
227 1371 326 1427 autem
355 1362 423 1425 libri
457 1363 658 1427 additamenta
690 1365 830 1429 indicabo
861 1365 910 1429 vel
939 1366 1036 1446 capita
1065 1366 1115 1429 vel
1144 1366 1273 1447 capitum

139 1469 248 1548 verba,
278 1468 385 1548 quibus
408 1468 557 1549 ejusmodi
579 1468 774 1532 accessiones
797 1471 827 1531 in
851 1470 986 1552 margine
1009 1469 1079 1532 olim
1103 1469 1273 1550 adscriptas

138 1571 233 1638 luisse
256 1571 471 1655 suspicandum
493 1579 550 1638 est.

204 1780 371 1845 Proemii
391 1781 443 1845 lit.
461 1801 487 1844 a.
510 1781 556 1844 lle
572 1779 683 1862 triplici

139 1885 269 1950 hominis
293 1885 468 1968 dignitate*

204 1990 449 2053 Proemiilit.
471 1990 500 2053 b.
537 1990 583 2052 De
606 2007 681 2070 pace

141 2094 242 2157 divina
264 2095 296 2155 in
318 2093 410 2155 terris
434 2095 617 2156 annuntiata.

204 2197 366 2259 rroemn
386 2196 441 2260 na
460 2216 488 2261 e.
517 2197 562 2259 ne
581 2197 682 2260 monn
798 2197 911 2259 renus
935 2196 986 2276 qut
1009 2195 1118 2258 nom
1139 2197 1283 2280 prenge·
1354 2175 1359 2183 “

142 2301 314 2380 creatione,
339 2299 434 2382 primo
457 2308 603 2382 peccato,
626 2320 681 2364 re·
732 2301 815 2377 „Get
838 2302 891 2362 'dic
914 2300 957 2363 de
978 2300 1023 2361 ist
1050 2300 1164 2379 bepine
1192 2290 1278 2364 ande

141 2405 242 2467 demto
271 2422 326 2485 per
355 2405 538 2468 salvatorem
565 2422 682 2489 genere
734 2403 812 2466 ende
835 2405 914 2466 oller
936 2403 1029 2484 diepa
1051 2413 1094 2447 -'—
1115 2405 1172 2465 neit
1193 2404 1278 2466 sinin

141 2507 296 2588 humane,
318 2509 447 2572 clavium
474 2514 624 2590 potestate
653 2517 684 2571 et
735 2508 902 2571 mortere.”

142 2613 276 2694 supremi
292 2612 400 2695 judicii
422 2613 479 2676 die.
894 2607 896 2611 ’

205 2717 376 2780 Proemii
398 2717 451 2782 lit.
474 2717 502 2779 d.
536 2714 582 2778 tte
605 2716 683 2780 binis
799 2713 865 2778 Art.
891 2711 919 2777 l.
959 2712 1073 2790 „Zceci
1101 2718 1197 2777 swert
1225 2713 1280 2776 liet

142 2821 250 2905 gladiis
269 2819 381 2886 Sancto
402 2821 491 2884 Petro
515 2822 682 2886 concessis.
735 2826 789 2900 pet
817 2821 851 2881 in
878 2818 1014 2881 artricbc
1036 2851 1076 2860 -
1108 2816 1168 2878 des
1189 2835 1277 2879 aecr-

735 2923 834 2986 licbc¹’
859 2922 899 3001 (l,
916 2939 943 2984 a.
958 2921 1015 2994 1.).

205 3027 368 3092 Proemii
390 3027 444 3092 lit.
466 3044 494 3091 e.
529 3027 574 3089 De
597 3034 681 3091 stra·
798 3027 915 3103 „Deme
935 3043 1058 3107 pececc
1081 3023 1111 3085 is
1137 3023 1196 3087 ecla
1218 3042 1279 3105 pe-

51 3184 60 3199 .
143 3132 216 3197 toris
235 3131 334 3196 cilicio
349 3148 465 3195 summo
481 3131 612 3213 pontifici
627 3149 683 3213 per
710 3138 714 3145 “
734 3129 819 3194 solet
831 3165 870 3175 -
881 3130 1046 3211 pebersem
1059 3147 1098 3190 se
1111 3127 1278 3191 wcsendc¹’

20 3214 67 3245 ”
142 3238 340 3318 imperatores
360 3235 542 3300 exhibendo.
736 3235 773 3309 (1.
789 3239 846 3309 c).

206 3340 374 3404 Proemii
400 3340 455 3402 lit.
478 3336 499 3401 f.
538 3339 584 3402 De
606 3357 683 3420 pre·
748 3392 753 3401 .
798 3336 845 3400 Ex
858 3335 994 3400 bavarici
1007 3334 1068 3399 leci
1081 3331 1278 3411 mente:„So
1349 3417 1352 3421 ἡ

143 3443 312 3509 scribendis
335 3443 613 3508 excommunicatis.
652 3511 655 3515 ,
735 3441 786 3503 eol
806 3441 885 3504 eceb
903 3440 954 3502 die
975 3437 1139 3520 peistb‘ebc
1157 3437 1279 3503 Gemoll

735 3578 778 3590 -
799 3545 829 3606 is
852 3543 991 3625 bcderf'’
1016 3543 1053 3617 (l.
1070 3547 1125 3616 c).

185 3653 231 3715 De
260 3651 449 3715 Constantini
477 3658 508 3712 et
533 3649 683 3731 pontilicis
777 3649 891 3712 lllutato
913 3647 1031 3711 ordine·
1049 3645 1104 3709 sub
1128 3646 1279 3727 prooemii

187 3739 325 3822 Silvestri
343 3754 606 3818 constitutionibus
627 3771 683 3817 us·
778 3752 883 3814 finem:
905 3749 978 3828 „Nu
999 3747 1076 3811 eber
1091 3749 1152 3813 coir
1168 3748 1279 3812 bobert

188 3879 246 3941 que
267 3858 305 3922 ad
326 3859 368 3923 lit.
384 3878 415 3942 g.
430 3856 549 3924 verbis:
571 3858 683 3939 „iege-
777 3854 829 3918 cin
843 3853 917 3918 -''.

188 3963 250 4028 licb
268 3958 511 4027 cristennecnscb
524 3961 599 4025 —”.
743 3974 744 3978 ’
863 4006 868 4013 -

146 4113 158 4120 ι-
171 4111 348 4119 ...—.-......-.-

223 4194 254 4264 l)
275 4150 388 4252 Numeri
404 4158 473 4268 post¹
491 4194 611 4252 saxonici
636 4193 700 4251 libri
724 4193 786 4249 loca
806 4189 880 4248 uncis
901 4189 996 4248 inclusi
1012 4168 1134 4245 'indicant
1153 4185 1276 4244 saxomci

146 4290 248 4365 speculi
267 4291 368 4348 intres
389 4290 472 4348 libros
493 4289 628 4364 dispertiti
647 4288 760 4358 librum,
786 4286 926 4344 articulum
952 4282 1112 4356 articulique
1137 4297 1276 4356 paragra-

146 4386 229 4463 phum
248 4402 283 4446 ex
303 4385 421 4450 editione
440 4383 607 4445 ilemeier.
634 4379 852 4454 (terentesn.)
