2722 4898
433 318 480 427 ’ᾗ
596 284 809 399 -ro-

133 513 272 597 nicipali,
291 509 449 579 «nonico
478 509 535 598 vel
551 527 676 574 romano
695 507 766 592 jure
795 509 826 571 in
859 507 1033 574 communes
1062 509 1269 575 meridionalis

79 616 82 631 '
135 617 318 682 Germaniae
345 631 418 679 usus
445 613 596 676 introduci
625 631 721 693 nuper
750 621 933 694 coeperant,
962 620 1012 676 aut
1039 615 1189 676 resecatis
1219 622 1271 677 ant

134 721 287 785 revocatis
316 719 355 782 ad
383 725 534 782 servatam
564 717 646 798 apud
673 715 812 780 Saxones
847 716 998 798 antiquam
1023 716 1102 797 juris
1131 735 1269 781 consue-

110 826 111 829 ’
137 826 279 889 tudinem.

219 927 302 990 luris
327 924 493 988 communis
518 930 617 986 autem
638 923 715 987 libro
738 930 898 1004 postquam
921 923 1015 986 altera
1033 924 1096 1005 jam
1117 942 1189 1005 pars
1212 944 1269 988 ac-

135 1037 281 1110 cesserat,
305 1047 345 1091 ex
368 1046 405 1090 ea
428 1026 593 1090 saxonicus
615 1044 738 1107 quoque
764 1027 841 1089 liber
864 1028 1053 1091 continuatus
1077 1036 1124 1091 est
1131 1049 1139 1106 ;
1170 1046 1270 1092 novus

133 1142 234 1198 tamen
256 1134 436 1214 epitomator
459 1137 665 1194 consummato
682 1129 742 1193 hoc
757 1129 864 1195 labore
880 1132 988 1194 iterum
1002 1130 1081 1218 juris
1101 1133 1269 1195 communis

33 1292 35 1296 Α
133 1241 201 1302 libri
231 1236 392 1299 armarium
420 1235 579 1297 excutiens
609 1253 677 1298 cum
702 1234 826 1317 maioris
849 1235 935 1297 molis
958 1235 1122 1316 particulas
1146 1236 1269 1297 omnino

134 1341 290 1424 neglectas
324 1338 597 1418 animadverteret,
627 1354 681 1402 eas
715 1338 751 1428 in
780 1338 883 1420 operis
917 1338 1155 1418 supplementum
1190 1356 1270 1400 con-

134 1442 297 1508 vertendas
326 1460 396 1504 esse
425 1442 559 1522 censuit,
589 1441 645 1504 sub
673 1441 762 1504 linem
790 1441 859 1504 libri
888 1441 1134 1522 adjiciens-quae
1157 1443 1270 1522 primus

134 1554 241 1610 auctor
268 1553 301 1609 nt
328 1544 408 1609 infra
436 1545 609 1626 apparebit,
638 1564 678 1607 ex
707 1545 780 1635 inita
809 1544 982 1628 scriptionis
1010 1547 1130 1608 ratione
1156 1547 1271 1607 intacta

135 1652 310 1731 reliquerat.

651 1816 754 1890 ΙΙΙ.

221 1959 392 2026 Saxonicus
420 1966 550 2040 uterque
578 1961 710 2041 scriptor
738 1978 799 2041 quo
828 1960 925 2041 maj0r
953 1960 1038 2040 operi
1064 1978 1120 2041 per
1141 1966 1270 2040 septen-

133 2063 292 2127 trionalem
316 2061 508 2126 Germaniam
536 2064 757 2128 commendatio
787 2062 1018 2142 conciliaretur,
1047 2063 1077 2125 in
1103 2061 1169 2144 ejus
1192 2081 1270 2145 sup-

134 2169 316 2248 plementum
345 2166 477 2229 adhibuit
500 2167 579 2248 juris
612 2165 803 2247 municipalis
831 2165 970 2229 saxonici
996 2166 1119 2245 librum,
1149 2167 1200 2246 qui
1230 2186 1270 2229 ex

133 2271 350 2335 vetustioribus
387 2270 693 2352 magdeburgensium
726 2269 861 2350 Judicum
898 2270 1057 2350 responsis
1072 2273 1105 2344 ¹)
1139 2271 1168 2331 in
1203 2271 1271 2352 ipsa

133 2375 391 2457 Magdeburgensi
425 2374 546 2436 civitate
580 2374 779 2436 concinnatus
806 2376 964 2454 postquam
995 2373 1073 2454 juris
1103 2375 1270 2437 communis

134 2479 203 2541 libri
221 2478 316 2541 altera
333 2495 404 2557 pars
419 2477 542 2560 vulgata
555 2476 618 2557 jam
641 2484 718 2557 erat,
742 2483 810 2538 ante
830 2494 939 2539 annum
958 2483 1057 2539 tamen
1072 2476 1271 2539 MCCXCVlll

135 2581 311 2664 praemissis
333 2581 421 2644 novis
445 2580 623 2660 quibusdam
647 2580 797 2669 capitibus
814 2580 919 2662 partim
941 2599 982 2642 ex
1002 2579 1080 2662 juris
1103 2581 1270 2644 communis

134 2686 184 2748 illo
206 2685 284 2748 libro
307 2684 422 2747 haustis
434 2686 467 2758 ²)
491 2689 609 2764 auctus,
632 2691 663 2746 et
686 2684 786 2746 addito
809 2684 864 2746 sub
879 2683 972 2745 linem
989 2683 1059 2746 ficto
1078 2685 1273 2765 imperatoris

135 2789 253 2853 Ottonis
272 2789 323 2869 qui
345 2789 439 2852 ruber
457 2788 566 2851 dicitur
584 2787 818 2851 confirmationis
841 2789 1040 2851 instrumento
1059 2788 1089 2850 in
1108 2806 1175 2850 eam
1192 2805 1271 2867 quae

133 2893 287 2975 vulgatior
308 2893 461 2972 reperitur
484 2891 611 2953 formam
633 2891 804 2954 transfusus
828 2899 885 2954 est.

219 2996 339 3058 lllinime
356 3013 404 3056 me
421 2994 495 3056 latet
511 2994 689 3074 plerumque
708 2994 799 3057 statui
813 2994 953 3076 jusillud
970 2994 1149 3076 municipale
1172 3013 1271 3059 saxo-

135 3100 235 3162 nicum
264 3099 462 3180 compositum
491 3115 561 3161 esse
589 3098 628 3160 ad
650 3097 874 3178 illustrandum,
903 3099 1120 3182 corrigendum
1143 3106 1172 3161 et
1196 3117 1272 3180 sup-

135 3202 274 3285 plendum
298 3202 453 3283 speculum
473 3201 664 3283 saxonicum,
687 3203 769 3282 quod
788 3203 985 3284 municipales
1002 3221 1125 3284 quoquc
1139 3202 1271 3284 judicas,
1308 3234 1313 3244 ,

135 3307 186 3370 ubi
208 3324 272 3370 non
288 3306 326 3369 dc
342 3306 467 3388 proprio
490 3304 653 3369 civitatium
670 3306 742 3387 jure
766 3314 920 3390 ageretur,
943 3307 973 3369 in
996 3306 1098 3370 causis
1121 3306 1273 3369 delinien-

135 3497 183 3552 sub
209 3496 340 3551 communi
361 3494 430 3567 juris
455 3495 576 3551 saxonici
602 3496 708 3552 nomine
734 3496 937 3553 celebrarentur
963 3503 990 3553 et
1015 3497 1041 3552 in
1067 3512 1146 3551 unum
1173 3495 1273 3568 conjici

135 3591 261 3647 volumen
281 3591 409 3661 solerent,
429 3589 529 3645 lactum
543 3590 651 3646 videtur
671 3608 739 3662 esse,
759 3598 788 3646 ut
808 3592 880 3648 nulla
901 3592 1034 3647 annalium
1052 3591 1145 3647 babila
1164 3591 1273 3646 ratione

136 3685 237 3740 Ecconi
257 3692 370 3756 uterque
393 3684 462 3756 juris
488 3685 557 3740 liber
584 3685 738 3758 aliquandiu
763 3687 945 3759 tribueretur,
974 3685 1060 3742 donec
1087 3703 1123 3742 cx·
1146 3702 1179 3742 eo
1200 3685 1273 3757 quod

39 3828 42 3833 .
136 3780 267 3852 equestris
288 3779 389 3835 ordinis
402 3781 445 3836 uir
459 3797 474 3835 a
491 3780 643 3855 municipali
658 3781 721 3853 jure
742 3774 874 3838 remotior
888 3788 959 3838 esset
972 3781 1038 3836 vicit
1052 3781 1145 3854 opinio
1159 3780 1272 3837 saxoni-

137 3892 196 3931 cum
216 3875 293 3931 unice
314 3874 450 3946 speculum
470 3876 510 3932 illi
531 3864 823 3953 adss'fflunnesse.

215 3969 246 4038 1)
267 3970 434 4026 Potissimum
455 3987 489 4026 eo
508 3970 681 4027 referendum
702 3979 742 4028 est
762 3973 806 4043 jus
833 3970 905 4043 quod
925 3971 1180 4028 Uratislavicnsibus
1200 3969 1274 4026 civi-

137 4066 185 4121 bus
211 4079 279 4120 anno
300 4063 425 4120 dcccxl
451 4067 484 4121 ad
510 4066 619 4123 Henrici
644 4067 719 4123 ducis
745 4082 842 4140 preces
869 4067 1034 4140 impertitum
1057 4083 1115 4122 esse
1142 4065 1272 4122 creditur.

122 4158 269 4232 daupp,
289 4159 337 4216 das
357 4162 412 4216 alte
432 4161 562 4218 ballische
583 4162 637 4218 und
657 4161 781 4233 magdeb.
801 4161 895 4233 Recht,
914 4181 940 4236 p.
954 4163 1022 4221 229.

215 4255 247 4323 2)
266 4256 314 4312 dus
334 4272 403 4312 mun.
424 4272 480 4312 sax.
502 4256 581 4314 arti
606 4259 668 4314 coll.
685 4259 706 4328 j.
729 4273 823 4314 comm.
845 4257 862 4316 l.
878 4275 901 4315 c.
924 4274 983 4333 cap.
1002 4234 1083 4331 m
1102 4255 1186 4316 art.3
1208 4256 1272 4314 coll.

139 4367 200 4426 cap.
220 4351 238 4410 1.
253 4366 278 4408 c.
298 4351 371 4425 3193
391 4352 476 4411 arud
495 4353 557 4411 coll.
580 4369 640 4427 cap.
661 4352 679 4411 l.
694 4368 718 4409 o.
735 4351 801 4411 293.
876 4376 881 4381 ·
