2722 4898
524 336 738 401 ..41-

151 511 297 576 Suonici
325 512 393 575 libri
420 512 509 575 lours
537 512 607 574 inde
630 531 648 574 a
671 511 836 574 sententia:
864 510 927 590 „So
956 511 1001 574 sal
1032 510 1070 573 de
1091 527 1198 575 vrowa

69 635 105 678 ru
125 614 272 678 berwede
300 614 342 679 irs
371 615 488 677 mannis
512 623 611 678 swert
635 613 768 698 g‘eben”‚
796 631 894 694 usque
917 615 956 677 ad
979 612 1096 678 articuli
1118 612 1198 676 XVII

68 718 160 796 inem*
176 719 284 781 iisdem
305 717 371 781 fere
389 719 492 783 verbis
515 718 627 806 legitur
648 719 678 780 in
700 716 933 780 uratislaviens'r
948 718 1078 797 quadam
1101 735 1199 780 mem-

68 823 217 901 brana¹)‚
240 839 319 901 quae
342 822 479 886 creditam
500 822 752 903 ipsumrespousi
769 821 997 884 instrumentum
1013 838 1094 900 esse,
1118 818 1199 900 quod
1266 827 1269 888 ζ

65 924 184 1006 judices
211 932 430 1004 senatoresque
455 923 741 1009 magdeburgenses
770 925 833 988 suls
859 925 1006 1008 signatum
1030 924 1200 988 nominibus

71 1044 202 1109 suaeque
229 1029 363 1091 civitatis
390 1028 489 1112 sigillo
512 1030 724 1091 communitum
747 1046 826 1091 anno
849 1026 993 1090 Mcctxt
1015 1028 1052 1091 ad
1074 1027 1199 1088 llenrici

71 1131 153 1194 ducis
181 1149 292 1212 preces
319 1131 600 1198 uratislaviensibus
628 1132 752 1196 civibus·
775 1132 822 1194 sui
851 1131 930 1212 juris
960 1129 1200 1195 communicandi

70 1252 157 1298 causa
190 1235 435 1319 transmiserint,
469 1236 612 1316 quodque
648 1254 666 1298 a
700 1237 779 1299 duce
794 1270 798 1277 ·
815 1234 950 1305 Haurico
987 1234 1104 1299 civibus
1137 1221 1220 1296 suis

72 1354 251 1401 concessum
274 1337 340 1420 ejus
362 1338 408 1400 rei
430 1338 462 1400 in
484 1339 800 1419 testimoniam‘ipsius
816 1346 947 1418 quoque.
963 1338 1050 1402 ducis
1073 1337 1200 1421 sigillum

72 1458 232 1523 appensum
260 1441 379 1506 lrabeat.
429 1439 559 1504 lniertur
590 1442 662 1505 inde
695 1449 797 1505 tantae
828 1459 868 1504 ao
901 1458 978 1505 aevo
1012 1434 1201 1505 austeritatis

72 1545 224 1625 speculum
245 1545 424 1613 saxonicam
442 1545 504 1626 jam
524 1543 628 1624 luisse,
650 1551 682 1608 ut
701 1546 821 1628 integra
835 1545 901 1627 ejus
919 1546 988 1608 loca
1009 1544 1039 1607 in
1055 1545 1109 1626 jus
1129 1562 1202 1606 rnu-

72 1647 196 1729 nicipale
220 1648 471 1731 suum-2raeipere
492 1648 776 1732 magdeburgenses
793 1640 882 1713 aines
904 1649 1025 1717 minine
1041 1647 1201 1730 dedignati

72 1749 649 1816 luerint.·'=''-

152 1855 212 1918 Vix
234 1871 311 1936 opus
333 1860 381 1918 est
402 1862 434 1919 ut
455 1873 604 1934 moneam,
623 1870 818 1935 nequaquam
841 1863 986 1919 constare
1003 1855 1084 1918 bunc
1101 1856 1202 1917 locum

72 1959 311 2022 uratislarieusis
332 1958 522 2022 instrumenti
545 1978 585 2022 ex
607 1960 755 2022 saxoniae
776 1959 856 2022 libro
875 1958 1017 2038 durinc,
1046 1959 1073 2021 si
1095 1964 1200 2022 rerum

73 2061 222 2143 estquod
249 2079 342 2142 supra
370 2062 572 2143 conjectando
586 2064 757 2144 proposui,
787 2069 880 2126 totum
904 2054 990 2126 brine
1017 2061 1118 2125 locum
1139 2078 1200 2125 re-

72 2165 188 2229 tustiori
212 2165 331 2229 cuidam
360 2165 508 2250 singulari
536 2165 636 2228 libello
661 2165 781 2244 deberi,
809 2184 849 2228 ex
877 2184 938 2247 quo
954 2167 998 2228 'in
1025 2165 1201 2229 bavaricam

72 2285 192 2349 quoque
213 2267 323 2335 librum
344 2268 511 2339 translatus
531 2270 579 2334 sit
619 2268 734 2333 Sedet
757 2270 885 2352 egregie
900 2268 1049 2333 dalluutur
1071 2268 1123 2350 qui
1145 2285 1201 2349 pro

72 2389 143 2434 vero
171 2371 478 2457 magdeburgensium
504 2373 702 2436 instrumento
731 2372 820 2434 illam·
844 2373 1049 2436 membranam
1081 2372 1202 2450 babent,
1301 2460 1303 2464 Α

73 2491 159 2555 quam
181 2477 399 2551 ceno-certius
418 2482 465 2541 est
486 2477 518 2538 iu
540 2476 605 2557 ipsa
628 2475 1006 2554 uratislaviensisciritate,
1029 2476 1129 2556 idque·
1140 2475 1202 2555 J'am

72 2584 137 2640 ante
160 2578 298 2659 elapsum
319 2578 598 2642 *annumblGGLXl
620 2581 823 2660 conscriptam
844 2597 924 2642 esse.

153 2680 251 2744 Nemo
271 2681 321 2746 rel
342 2682 537 2746 mediocriter
558 2683 588 2745 in
611 2685 742 2764 antiquis
759 2683 918 2759 vernaculi
935 2683 1032 2746 nomi
1046 2682 1201 2745 sermonis

71 2786 271 2849 monumentis
292 2793 433 2850 versatus
454 2803 518 2850 non
538 2787 636 2850 statim
658 2787 773 2851 ridebit
794 2784 1119 2849 instrunmntumillud
1142 2784 1202 2848 du-

71 2888 144 2952 riori
165 2887 219 2952 illo
236 2888 376 2952 idiomate
393 2898 574 2971 conceptum
592 2905 662 2954 esse
678 2907 738 2970 qno
755 2889 1008 2954 Uratislarienses
1030 2889 1202 2966 utebantur,

70 3008 130 3055 nou
157 2989 317 3056 inferioris
340 2992 493 3058 Senoniae
520 2993 571 3057 illa
590 2993 744 3085 =(lralectoj
773 3011 853 3074 quae
882 2995 946 3058 sola
971 2992 1051 3075 apud
1072 2992 1203 3076 blagde·

70 3093 245 3178 burgenses
271 3096 302 3158 in
328 3113 387 3159 usu
414 3103 492 3161 erat.
519 3094 600 3163 ‘Nec
629 3097 688 3160 alia
716 3114 815 3176 eaque
842 3096 1083 3161 manifestissima
1106 3113 1202 3179 argu-

69 3204 170 3260 menta
194 3198 313 3278 desunt,
337 3217 416 3279 quae
438 3200 560 3263 omnino
582 3201 756 3280 impediunt,
781 3201 855 3280 quin
878 3218 934 3280 pro
956 3202 1089 3284 genuino
1107 3214 1204 3283 unag-
1232 3260 1249 3279 ‚„

71 3299 308 3384 deburganaium
329 3302 441 3366 mnium
462 3304 668 3367 ‘instrumento
696 3303 756 3365 illa‘
773 3304 947 3367 membrana
970 3303 1079 3366 baberi
1099 3290 1200 3382 queat

69 3401 197 3466 Primum
220 3405 300 3469 enim
319 3405 400 3469 nulla
414 3408 580 3488 praemissa
598 3407 791 3486 allocutione,
815 3423 904 3486 quarn
928 3408 958 3468 in
980 3406 1202 3486 municipalium

65 3505 202 3587 judicum
230 3507 413 3572 indubitatae
440 3510 510 3573 fidei
539 3510 696 3591 responsis
729 3528 880 3591 nunquam
914 3510 1039 3595 deesse⁴
1053 3508 1201 3587 videmus,
1221 3558 1232 3577 ..

68 3607 196 3688 exbibet
228 3602 438 3676 documentum
470 3612 542 3677 illud
575 3602 627 3677 res
661 3613 841 3676 articulatim
872 3598 1052 3697 congestas,
1085 3600 1202 3677 initium

68 3728 194 3776 sumens
218 3732 235 3795 a
256 3702 444 3779 narratione
459 3702 649 3803 de‘cbudi'ta
677 3710 933 3801 magdeburgensi
957 3715 1093 3795 ciuitate,
1123 3732 1202 3799 quae

64 3800 344 3898 tibri'seriptore'm
372 3808 564 3901 potiusquam
588 3820 709 3901 iudices
733 3820 771 3885 de
796 3821 866 3901 Jure
895 3838 951 3884 suo
980 3819 1201 3901 respondentes

66 3918 180 4002 prodit.
215 3919 335 3985 Deinde
358 3940 550 4005 nequaquam
571 3942 631 4004 par
642 3931 690 3987 est
712 3925 843 4014 eredere
865 3922 1062 4003 municipales
1079 3921 1202 4002 judices

68 4022 108 4086 de
132 4024 384 4089 communicando
406 4027 530 4111 proprio
553 4027 683 4095 ciuitatis
711 4045 785 4091 suae
803 4026 1101 4108 jure‘.intarr0gatos
1124 4024 1202 4087 adeo

67 4125 319 4208 parvipendisse
340 4129 529 4196 autoritatem
552 4146 646 4210 suam,
669 4138 702 4192 ut
715 4126 772 4210 pro
788 4128 946 4192 concessis
962 4128 1018 4192 sibi
1032 4126 1200 4208 privilegiis

152 4337 182 4409 l)
204 4338 333 4417 Gaupp,
353 4342 400 4399 das
420 4343 474 4400 alte
494 4343 618 4416 magdeb.
636 4344 729 4413 Baebi,
749 4357 775 4414 p.
789 4342 856 4413 242,
877 4345 923 4411 §§.
939 4343 1060 4400 55-59.
