2722 4898
565 352 802 416 -145—

139 523 262 600 capitibus
281 523 340 603 46,
365 524 425 603 49,
451 523 489 586 51
515 530 546 586 at
567 524 625 604 88,
655 544 745 605 quem
776 527 945 608 argumenti
975 527 1014 589 ob
1044 526 1248 592 difficultatem

140 624 219 687 cnisit
234 629 395 690 saxonicus
415 627 557 707 scriptor,
581 629 743 708 plerosque
761 629 948 692 librariorum
971 629 1097 709 induxit,
1121 638 1153 694 ut
1173 650 1248 694 cre-

141 729 235 808 derent,
256 730 338 793 inito
356 730 434 810 juris
458 733 624 794 communis
647 732 724 796 libro
743 733 805 813 jam
835 732 882 797 hic
911 734 998 813 sequi
1016 734 1096 814 p'uris
1120 733 1247 799 feudalis

140 832 276 911 ibrum¹)‚
300 833 380 895 unde
404 841 435 896 et
456 835 657 917 lassbergiani
681 835 811 915 exempli
833 836 971 916 scriptor,
995 835 1137 917 supplens
1157 837 1248 901 eodi-

140 937 285 1016 cenprius
309 955 384 999 ase
408 936 579 1000 conlectum
609 956 649 1000 ex
679 938 737 1000 alio
762 938 895 1017 quodam
920 939 1077 1018 exemplo,
1107 939 1157 1002 cui
1186 947 1247 1002 tam

140 1037 195 1110 iuris
216 1041 379 1102 communis
402 1040 468 1102 libri
487 1041 581 1102 altera
599 1058 669 1120 pars
686 1059 775 1120 quam
796 1042 873 1122 juris
890 1040 1018 1105 feudalis
1038 1043 1115 1105 liber
1134 1059 1248 1105 acces-

138 1150 229 1221 serant,
252 1149 331 1223 post
327 1151 437 1207 notam
454 1145 492 1207 de
508 1152 714 1206 consummato
733 1145 905 1224 scriptionis
929 1162 1004 1208 suae
1021 1146 1127 1208 labore
1148 1163 1246 1228 supe-

137 1244 186 1306 rius
203 1246 335 1326 relatam,
360 1265 547 1312 communem
569 1255 693 1310 secutus
716 1266 854 1311 errorem
879 1248 1002 1329 adjecit:
1033 1250 1134 1329 „vnde
1156 1246 1248 1314 vahe't

136 1346 174 1410 bie
193 1367 226 1412 an
247 1351 303 1413 daz
326 1339 405 1414 buiclu
427 1370 488 1416 ucn
510 1351 601 1414 leben
623 1349 741 1415 rehte.”

599 1579 762 1653 ml.

576 1736 783 1806 butue

130 1860 329 1924 bavaricae
357 1860 502 1942 primae
533 1860 793 1923 collectionis
824 1834 1024 1940 capitibus
1054 1881 1071 1923 a
1102 1850 1245 1924 cente-

129 1964 212 2026 simc
248 1965 503 2047 nonagesimo
542 1964 663 2026 tertio
699 1981 821 2043 usque
857 1964 901 2025 ad
936 1964 1245 2028 ducentesimum

194 2069 377 2130 decimum
404 2086 539 2133 nonum
569 2068 605 2128 in
634 2068 805 2147 margine
834 2065 923 2129 olim
952 2054 1176 2148 adspersae.

197 2232 245 2287 Ad
265 2232 380 2305 capita
401 2232 456 2289 193
478 2239 510 2288 et
533 2231 601 2288 194:
629 2231 662 2286 de
684 2210 863 2331 uectigalibus
884 2237 912 2285 et
932 2231 1035 2287 viarum
1056 2220 1148 2288 tutela.

176 2360 280 2434 Caput
306 2361 370 2418 221.
416 2363 486 2430 Quot
510 2361 654 2418 latitudinis
758 2364 818 2416 Art.
834 2360 878 2415 98
906 2361 1172 2463 „Deslrtma'np

122 2457 199 2528 pedes
215 2457 276 2516 uiae
297 2457 391 2528 regiae
411 2458 526 2513 debeant
543 2457 653 2512 habere.
707 2456 792 2512 sol
766 2473 811 2511 san
827 2457 892 2512 also
906 2455 989 2513 breit.
1008 2456 1080 2513 das

708 2552 786 2607 deme
807 2552 934 2607 anderen
953 2569 1051 2608 scaren
1055 2532 1221 2625 mope'⁴⁹)

174 2648 256 2715 Quem
273 2647 352 2704 alteri
367 2647 473 2703 obuiam
488 2647 586 2702 tactum
601 2646 653 2702 de·
757 2646 833 2714 „Die
858 2646 938 2717 pdele
960 2663 1058 2718 wopan
1081 2647 1127 2703 sol
1148 2664 1246 2703 rumen

120 2742 224 2798 llectere
248 2748 294 2798 aut
317 2742 429 2798 alterius
449 2742 565 2813 vestigia
586 2758 653 2813 pre·
707 2742 785 2798 deme
803 2736 1036 2813 yeladenenc”⁸).

120 2843 228 2894 mentem
253 2837 398 2894 subsistere
424 2838 451 2892 in
477 2837 520 2893 uia
548 2836 654 2909 publica

120 2939 249 3006 oporteat.
983 2976 987 2984 .

170 3029 199 3084 ln
220 3027 347 3102 pontibus
371 3027 538 3084 transeundis
558 3027 654 3099 potio·
758 3025 868 3095 „Sabelle
893 3042 991 3099 scupea
1016 3025 1092 3082 kunst
1118 3025 1186 3098 upb
1211 3026 1247 3081 de

118 3138 171 3178 rem
193 3139 252 3179 esse
272 3122 318 3194 qui
342 3122 420 3195 prior
440 3123 562 3191 uenerit,
588 3122 656 3176 sicut
708 3119 852 3193 brucpe‘)
874 3121 1006 3178 allererst
1022 3116 1087 3176 -r.’'

118 3219 142 3274 iu
165 3217 284 3290 pistrinis
311 3217 505 3290 praeferendus
528 3217 561 3272 sit
581 3215 656 3288 prius

119 3313 234 3370 ueniens.

117 3442 318 3457 -ι-σ-ι-η-ι-κ-

193 3513 223 3583 i)
244 3500 321 3568 cont.
342 3509 466 3566 lectionis
482 3509 598 3566 uarietas
619 3514 709 3565 notata
731 3507 802 3581 apud
818 3504 1074 3575 Wackernagel
1095 3520 1120 3577 p.
1138 3504 1193 3560 178
1213 3504 1248 3560 acl

115 3615 194 3681 caput
215 3607 269 3664 183
290 3612 357 3662 uota
372 3604 398 3661 1.
496 3644 499 3649 -
564 3632 569 3641 ·

189 3704 223 3770 2)
242 3702 349 3759 Plenius
369 3701 505 3757 hocloco
528 3697 669 3756 bavaricus
693 3697 777 3753 tiber:
805 3698 882 3767 „iles
908 3695 1031 3766 lrivniges
1057 3699 1163 3748 strazen
1189 3693 1249 3748 svlu

113 3798 248 3854 sehuelren
273 3783 373 3852 schinne
393 3794 510 3851 witrio.
537 3794 586 3848 dau
607 3793 639 3849 ist
662 3793 719 3847 also
740 3791 918 3863 gesprochen.
952 3790 1002 3844 niv
1023 3789 1078 3843 lant
1100 3794 1188 3843 strnue
1208 3788 1248 3842 scl

113 3891 168 3948 alse
189 3891 262 3948 breit
281 3890 466 3948 simiae-ein
486 3903 586 3958 wagen
604 3887 677 3942 etc.''

189 3986 222 4055 3)
249 3984 397 4042 Male-boc
420 3985 482 4039 loco
509 3981 752 4052 quedlinburgense
780 3978 929 4050 exemplum
956 3976 1079 4031 exhibet:
1107 3973 1185 4045 „stuc
1209 3974 1248 4030 sie

110 4083 179 4138 aber
206 4081 233 4136 in
259 4095 344 4150 eyner
370 4094 457 4148 eugen
484 4093 586 4147 gazuen
607 4105 642 4115 —
664 4075 747 4130 oder
769 4075 842 4144 iaget
866 4089 924 4127 men
946 4087 1033 4140 eynen
1051 4067 1102 4107 -”
1130 4070 1175 4125 ubi
1195 4068 1248 4123 alia

110 4175 238 4232 saxonici
257 4174 321 4231 libri
342 4172 465 4244 exempla
487 4172 555 4226 bene
576 4170 753 4246 ³emendarunt
772 4167 884 4238 „unde
909 4166 984 4236 iaget
1004 4161 1082 4219 man''
1105 4180 1139 4219 ex
1160 4164 1246 4219 baua-

109 4270 165 4327 rici
185 4269 251 4325 libri
270 4267 375 4325 uerbis:
397 4266 481 4338 „und
502 4266 595 4336 luget
616 4280 686 4319 man
707 4263 805 4318 einen
825 4259 987 4315 riteuden
1008 4254 1106 4314 mau.''

191 4364 225 4433 4)
246 4363 351 4421 Rectius
372 4362 398 4419 iu
418 4362 548 4420 bovarico
569 4360 655 4415 libro:
681 4375 744 4430 „au
765 4357 808 4412 die
828 4355 964 4426 brugge.”

993 4462 1026 4514 tc
