2722 4898
512 301 589 395 ‘-
636 342 695 411 mr
741 376 810 422 --¹

465 530 538 606 xit.
569 531 612 605 lte
633 528 866 606 summutas.

269 691 389 774 Caput
411 691 441 757 3.
479 691 516 754 st
538 711 559 756 o
580 711 673 757 cerco
696 695 800 758 alieno
823 694 1062 775 comparaverit.

193 831 282 918 Quum
305 832 377 913 jure
404 831 503 912 patrio
535 831 741 895 diversissima
763 830 871 894 fuisset
897 832 1032 895 conditio
1062 849 1232 914 servorum,

129 951 187 1014 qnos
204 934 407 1017 bajuariorum
430 934 507 1018 legis
531 934 630 998 hocce
653 942 742 1017 caput
764 941 890 1016 spectat,
918 941 947 996 et
969 933 1129 1014 bominum,
1153 954 1231 1016 quos

130 1037 313 1101 ministeriales
336 1056 450 1101 vocare
473 1037 605 1119 majores
627 1033 724 1102 nostri
747 1043 989 1117 consueverunt,
1020 1039 1064 1124 ob
1082 1040 1231 1102 submini-

129 1141 239 1204 strandas
261 1143 379 1204 seruitii
401 1142 522 1204 nomine
541 1143 590 1205 vel
612 1133 745 1205 rusticas
761 1141 810 1203 vel
828 1142 974 1204 militares
998 1143 1085 1203 etiarn
1108 1160 1229 1223 operas,

130 1243 156 1304 al
172 1243 258 1308 locum
274 1263 335 1325 quo
359 1245 469 1308 dicitnr
491 1247 594 1308 irritas
617 1263 688 1309 esse
708 1242 900 1307 venditiones
919 1263 975 1326 per
997 1262 1105 1310 servos
1127 1245 1231 1309 insciis

128 1345 164 1410 rol
185 1347 277 1412 invitis
307 1348 436 1411 dominis
466 1347 576 1428 lactas,
606 1347 774 1412 mirandum
803 1366 865 1410 non
895 1354 943 1410 cst
968 1349 1073 1429 capitis
1096 1349 1232 1412 bavarici

128 1446 177 1512 libri
189 1451 243 1514 158
258 1452 409 1533 principio
426 1452 635 1531 quaestionem
651 1444 773 1532 quoquc
791 1459 900 1514 motam
923 1468 993 1514 esse
1018 1452 1055 1515 de
1080 1452 1231 1529 alienandi

78 1563 80 1566 ’
127 1549 250 1637 iaculato,
273 1573 353 1636 quae
375 1555 580 1619 ministerialis
603 1556 787 1620 conditionis
806 1555 975 1619 hominibus
994 1573 1144 1620 concessa
1163 1556 1230 1619 olim

130 1704 306 1718 m<

91 1855 99 1867 ‚
126 1790 144 1847 in
154 1793 192 1850 dan
204 1792 406 1852 schulteidum.”
433 1795 536 1863 iudicis
552 1795 680 1852 vicarium
695 1797 865 1866 (scultetum)
879 1797 923 1852 bic
936 1802 965 1852 ut
980 1795 1045 1852 alias
1060 1799 1098 1865 (v.
1112 1813 1135 1851 c.
1152 1798 1232 1854 οτι-2

127 1887 170 1944 coll.
182 1892 236 1947 bau.
251 1891 313 1947 libri
330 1891 419 1963 capite
436 1890 466 1960 l)
488 1898 602 1964 apparet
617 1891 756 1948 suffectum
774 1908 832 1947 esse
853 1892 879 1946 in
900 1891 1063 1963 apparitoris
1079 1891 1177 1962 locum,
1197 1890 1231 1949 de
1271 1948 1280 1967 ,Ι
1313 1882 1329 1959 s

126 1999 163 2054 quo
178 1985 200 2041 in
218 1985 350 2042 nonnuliis
365 1985 488 2042 bavarici
507 1987 570 2041 libri
586 1986 717 2059 exemplis
737 1987 826 2043 monui
847 1985 980 2057 adJ'eetum
997 2002 1071 2042 esse:
1092 1969 1182 2056 „unde
1199 1988 1232 2042 ist

124 2075 140 2130 si
154 2080 186 2136 uri
203 2096 232 2138 so
252 2080 285 2136 ist
306 2080 329 2137 si
350 2080 396 2136 des
417 2080 596 2137 vronboten.''

180 2175 286 2232 Omnem
299 2191 366 2231 vero
380 2175 547 2249 propositam
563 2175 616 2231 boc
632 2177 696 2232 loco
712 2176 833 2232 saxonici
853 2176 919 2232 libri
932 2175 1082 2233 doctrinam
1102 2194 1231 2250 perquam

124 2263 198 2326 dubiae
217 2270 384 2326 auctoritatis
405 2286 463 2325 esso
483 2269 575 2342 prodit
600 2270 718 2340 ejusdem
737 2271 800 2327 libri
823 2257 874 2328 art*
896 2270 932 2327 18
952 2272 1056 2328 verbis:
1083 2272 1181 2342 „Swas
1202 2290 1232 2328 so

121 2367 207 2430 getanes
220 2366 316 2437 dinges
331 2366 436 2421 ervelos
452 2363 557 2433 irstirit.
579 2364 716 2421 berwede.
739 2365 805 2421 oder
823 2383 912 2422 erue.
934 2366 1001 2422 oder
1022 2366 1088 2422 rade
1100 2364 1166 2437 —-'',
1187 2368 1231 2423 ubi

122 2456 176 2513 nullo
193 2460 262 2516 lacto
284 2459 437 2515 discrimine
458 2458 595 2514 ordinario
612 2459 697 2530 judici
723 2466 779 2515 tota
800 2477 898 2515 vacans
922 2461 1059 2516 hereditas
1079 2461 1231 2518 vindicatur

122 2547 218 2614 (rerbisr
243 2555 320 2625 „sint
346 2571 376 2610 so
402 2554 481 2611 keret
506 2555 530 2609 in
557 2554 601 2608 die
627 2555 747 2610 ricbtere
771 2557 797 2610 in
817 2556 873 2610 siue
893 2552 983 2623 nut'').
1024 2555 1114 2611 llalirn
1141 2558 1230 2628 itaque

121 2646 210 2704 nederc
241 2649 399 2722 appendicis
431 2648 552 2703 saxonici
586 2655 743 2719 auctorem,
777 2649 913 2719 legentem
944 2650 970 2704 iu
999 2651 1128 2706 bovarico
1159 2652 1231 2708 libro

121 2736 224 2815 distinqui
244 2743 439 2817 apparitorem,
460 2742 624 2798 ordinarium
640 2743 760 2814 judicem
782 2749 808 2798 et
828 2743 959 2815 principis
979 2744 1080 2814 liscum,
1100 2746 1231 2816 simulque

119 2830 300 2894 damnantibus
320 2837 524 2893 tributariorum
535 2838 660 2910 praediis
679 2854 809 2909 agrorum
830 2839 954 2909 spectari
970 2855 1131 2909 mensuram,
1151 2857 1230 2911 quum

119 2935 199 2988 nemum
219 2949 252 2989 ca
269 2931 303 2988 (le
319 2949 350 2988 re
370 2932 437 2988 nibil
458 2932 602 3004 quidquam
623 2931 675 2988 sibi
695 2932 858 3002 constiterit,
880 2933 1069 3004 aliquantulum
1090 2934 1230 2991 indulsisse

117 3019 214 3098 ingenio,
235 3043 326 3083 curam
341 3027 491 3082 vacantium
511 3026 686 3083 immobilium
700 3028 832 3083 bonorum
849 3044 883 3083 ex
898 3044 1032 3098 mensura,
1052 3046 1129 3101 qnam
1145 3031 1230 3086 rusti-

116 3131 189 3178 corum
202 3122 247 3178 vel
267 3121 379 3177 militum
395 3120 506 3194 praedia
527 3121 662 3177 excedere
679 3122 838 3195 plerumque
858 3137 910 3178 nou
932 3124 1065 3194 solebant,
1085 3125 1230 3182 arbitraric

115 3213 145 3269 ml
156 3216 256 3288 judicis
277 3215 392 3285 vicario⁷
413 3216 455 3271 vel
476 3215 631 3272 ordinariae
648 3216 845 3286 jurisdictionis
866 3217 974 3274 domino
988 3219 1031 3275 vel
1053 3220 1105 3291 ipsi
1125 3220 1230 3276 demum

113 3309 157 3379 trgi
180 3309 343 3368 adtribuens.
388 3310 427 3367 De
452 3311 602 3366 vacantium
627 3317 715 3366 autem
741 3310 872 3366 bonorum
898 3328 951 3367 non
977 3313 1155 3386 adquisitione
1181 3315 1229 3370 sed

113 3413 174 3459 nura
193 3404 251 3459 fisci
272 3404 344 3474 regii
364 3405 474 3460 nomine.
495 3405 614 3475 gerenda
640 3405 825 3477 accipiendum
852 3423 911 3461 esse
939 3407 1061 3461 saxonici
1084 3407 1227 3478 scriptoris

111 3490 182 3554 locum
201 3500 301 3572 probet
322 3505 373 3556 nrt.
389 3499 454 3570 166,
474 3499 520 3555 ubi
540 3499 650 3571 dicitur,
670 3500 703 3555 ad
720 3499 892 3571 judiciariam
913 3501 1005 3556 sedem
1023 3501 1153 3573 promotis
1173 3501 1227 3557 im-

110 3592 325 3663 pritannium,
352 3611 463 3666 eamque
485 3594 520 3649 ob
542 3609 650 3649 causam
670 3595 836 3650 manumissis
856 3595 1022 3651 hereditaria
1042 3594 1134 3666 simul,
1158 3613 1227 3669 quae

110 3687 266 3744 tutentando
286 3687 347 3743 lnuic
367 3688 464 3744 bononi
484 3687 627 3758 sufiiciunt,
648 3688 760 3759 praedia
781 3706 821 3744 ex
842 3690 982 3762 imperii
1003 3689 1102 3744 bonis
1123 3707 1138 3745 a
1160 3706 1227 3762 rege

110 3781 266 3839 concedenda
287 3798 355 3852 csse,
376 3784 517 3854 assignatis
539 3784 581 3838 vel
603 3782 688 3838 tribus
708 3783 752 3839 vel
773 3783 893 3856 pluribus
915 3783 1019 3853 mansis,
1040 3800 1107 3854 quos
1128 3801 1226 3841 vacare

110 3873 144 3928 snt
162 3876 266 3932 comitis
288 3876 514 3934 administratione
542 3892 576 3933 eo
599 3884 720 3950 tempore
742 3877 896 3948 contigerit.
937 3878 976 3932 En
997 3878 1054 3950 ipsa
1074 3877 1151 3949 bujus
1172 3878 1226 3934 loci

110 3970 190 4028 rerba:
210 3972 280 4043 „ber
302 3970 364 4040 [der
377 3972 491 4043 koning]
514 3973 554 4028 sol
576 3973 642 4028 aber
664 3972 711 4038 des
731 3973 820 4029 riches
836 3972 907 4043 gude
928 3972 985 4027 also
1000 3972 1061 4027 vele
1077 3990 1110 4028 nn
1127 3974 1224 4044 eigene

110 4074 146 4117 ene
168 4066 264 4136 geben.
290 4065 340 4122 dan
367 4083 395 4121 sc
421 4067 537 4139 schepen
563 4066 596 4121 da
623 4067 673 4123 abe
694 4083 784 4122 wesen
810 4082 916 4136 mogon.
945 4067 968 4120 ir
993 4066 1155 4123 iowellreme
1176 4069 1224 4124 dre

109 4149 164 4214 burn
182 4159 233 4216 ode
254 4176 305 4215 me.
328 4160 377 4215 dan
397 4167 446 4231 gut
467 4168 522 4216 mut
542 4161 591 4215 her
612 4177 706 4217 nemen
726 4162 753 4218 in
770 4161 818 4216 der
833 4161 1009 4234 gravescbap.
1030 4178 1102 4218 swan·
1122 4163 1146 4217 iz
1168 4163 1222 4220 dia

110 4261 204 4319 prere,
216 4254 289 4311 ledio
304 4251 379 4310 bat'.'
410 4255 588 4327 Apertissime
608 4255 714 4329 imperii
735 4257 804 4311 bona
814 4255 862 4310 bic
876 4255 1000 4312 dicuntur
1013 4256 1135 4330 praedia,
1152 4275 1222 4328 quae

108 4339 282 4409 iurisdictionis
301 4363 355 4405 non
375 4347 484 4408 dominii
500 4350 563 4423 juro
584 4350 726 4415 comitibus
746 4351 885 4412 vacabant.
