2722 4898
618 344 857 409 am...

232 519 347 601 Capul
358 518 430 581 313.
446 517 627 580 Haerolicae
639 536 714 598 pra-

177 625 279 711 vilatis
298 641 426 690 examen
444 640 505 684 non
520 621 590 683 laici
603 621 716 701 judicis

170 735 265 806 ‘esse-
281 727 337 790 sed
356 727 394 788 ad
409 725 650 788 ecclesiasticam
661 724 716 805 Ju-

168 829 385 894 risdictionem
407 829 570 909 periinere.

229 924 263 996 ln
282 933 439 996 convictos
459 937 557 1008 aulem
576 930 715 992 animad-

177 1036 256 1099 verli
279 1035 396 1099 alarico
416 1035 530 1116 judice.

15 1223 16 1228 ἵ
150 1147 153 1152 ’
232 1139 387 1212 Quaenam
431 1155 545 1201 summo
582 1135 716 1218 pontifici

117 1308 125 1319 ,
172 1241 343 1324 jurisdictio
367 1242 397 1302 in
420 1241 572 1321 principes
598 1240 715 1321 ipsum-

177 1364 237 1426 que
267 1362 372 1426 regem
399 1351 565 1424 compelal,
591 1345 714 1424 praeci-

172 1466 236 1531 pue
257 1448 288 1508 in
305 1446 377 1533 lidei
400 1447 584 1513 chrislianae
604 1448 715 1525 causis,

176 1534 342 1615 illustratur
375 1551 532 1632 exemplis'
556 1548 716 1624 Childerici

177 1656 261 1739 regis
281 1640 521 1737 (‚‚Lescandi'')‚
544 1638 716 1738 regno'de-

177 1759 301 1823 stitutio
314 1757 460 1821 Zacharia
474 1776 562 1839 papa,
575 1765 604 1820 el
616 1757 716 1838 impe-

176 1864 289 1926 ratoris
311 1862 438 1940 ononis,
463 1862 598 1923 simililer
617 1879 715 1943 regno

177 1965 287 2047 privati
313 1965 350 2027 ab
376 1965 569 2044 Innocentio,
600 1981 715 2027 summo

178 2067 328 2149 pontifice,
340 2068 427 2148 hujus
440 2067 567 2130 nominis
576 2068 715 2142 terli01).

651 2321 829 2393 XLVI·

262 2479 426 2559 Hucusque
450 2487 561 2542 lantum
585 2481 749 2544 continuati
771 2480 907 2544 bavarici
935 2479 1006 2542 libri
1033 2487 1141 2543 auctor
1163 2467 1311 2562 pedisse-

177 2583 268 2663 q'uurn
290 2582 380 2644 habel
408 2584 574 2646 saxonicae
604 2585 750 2664 epitomes
778 2585 973 2663 scriptorem:
1004 2564 1089 2655 Quae
1112 2584 1143 2645 in
1166 2584 1312 2647 saxonici

174 2688 243 2749 libri
259 2686 527 2769 quedlinburgensi
542 2687 682 2767 exemplo
699 2687 843 2766 deinceps
868 2687 906 2748 ad
928 2686 1017 2748 finem
1041 2704 1139 2766 usque
1163 2686 1311 2770 leguntur

175 2791 382 2871 supplernenla
404 2796 483 2868 sunl,
512 2789 620 2865 hausta
642 2809 683 2852 cx
705 2790 762 2853 illis
785 2789 923 2853 bavarici
944 2789 1012 2857 libri
1034 2789 1202 2871 paniculis,
1232 2810 1310 2879 quas

175 2911 265 2974 supra
288 2891 420 2954 indicavi
437 2910 454 2954 a
469 2892 569 2972 primo,
588 2894 735 2956 saxonico
753 2893 901 2973 scriplore
924 2891 1041 2954 idcirco
1064 2891 1198 2975 rejectas
1223 2912 1309 2975 esse,

174 2994 256 3076 quod
274 3013 293 3057 a
311 2994 465 3058 scribendi
483 2996 608 3067 consilio
631 3013 687 3060 suo
709 2995 829 3078 longius
852 2994 1020 3058 abhorrere
1044 2996 1101 3059 sibi
1115 2995 1309 3063 viderentur.

175 3133 378 3143 -.α-ἡ...

173 3210 233 3265 dam
259 3216 397 3283 auctorem
426 3208 551 3265 habuisse
580 3210 700 3266 indicant
723 3211 823 3266 verbor
854 3211 965 3282 „noch
995 3215 1113 3266 acinon
1138 3211 1203 3269 wir
1234 3215 1310 3273 niul

173 3306 304 3362 lroeher
320 3290 424 3361 bflize
445 3304 552 3360 danne
574 3306 627 3361 ein
646 3307 750 3378 phuni
771 3306 829 3361 der
850 3306 921 3361 lent
941 3305 1123 3378 pheunige.
1145 3314 1220 3365 elwa
1237 3311 1307 3378 (ie.

171 3403 199 3456 in
219 3401 278 3457 aliie
294 3399 542 3471 jurisdictionibus)
564 3401 603 3470 gil
624 3417 683 3456 man
704 3401 797 3456 miore.
822 3399 871 3454 dau
891 3401 925 3454 isl
945 3401 1016 3456 cuch
1036 3388 1113 3472 giu'

250 3494 281 3563 1)
310 3494 534 3566 Corruptissimus
563 3495 589 3550 in
619 3496 744 3568 exemplo
768 3494 953 3567 lasabergioao
979 3496 1057 3568 hujus
1087 3496 1185 3569 capilio
1210 3499 1307 3556 mous:

171 3589 270 3662 ‚fluor
290 3587 369 3645 einen
388 3604 450 3644 man
468 3594 566 3658 raegel
588 3591 669 3659 elc.'',
695 3589 790 3646 codem
816 3589 965 3646 omissionis
985 3590 1053 3646 vitio
1078 3591 1207 3648 loborans
1231 3593 1308 3665 legi-

169 3691 214 3740 un
239 3685 266 3738 in
291 3683 487 3754 francogallioa
507 3683 632 3740 versione
654 3684 758 3739 verbis:
785 3684 842 3755 „Se
862 3700 897 3740 uu
916 3685 985 3742 irone
1006 3701 1102 3742 accuse
1121 3703 1158 3743 un
1177 3693 1259 3745 onlre
1279 3697 1309 3746 el

171 3779 209 3834 dil
229 3778 284 3850 quil
306 3783 346 3833 esl
366 3778 477 3833 vaudois
498 3794 534 3833 ou
553 3779 647 3850 perior
668 3794 703 3834 ou
729 3785 804 3835 autre
826 3780 902 3851 viee,
928 3782 964 3837 do
984 3765 1048 3852 quoi
1073 3780 1092 3836 il
1117 3780 1177 3837 don
1201 3784 1308 3856 perdre

170 3879 228 3928 tole
248 3887 357 3941 concur,
378 3890 407 3928 se
428 3872 446 3927 il
467 3889 500 3927 ne
520 3880 584 3944 puel
603 3889 714 3944 prover,
735 3880 837 3945 quani
856 3876 881 3930 il
900 3892 933 3947 ny
953 3875 986 3930 ha
1007 3892 1074 3946 roys
1093 3891 1145 3948 por
1165 3893 1199 3933 ce
1219 3895 1308 3936 nese

171 3968 275 4036 change
295 3966 362 4045 dcii,
382 3962 432 4038 por
453 3984 503 4022 une
522 3967 571 4036 loy
585 3969 631 4039 qui
646 3968 699 4024 dil:
720 3969 791 4024 Dum
807 3970 949 4042 imperium
962 3968 1069 4027 vocal.''
1095 3972 1194 4028 -Faoile
1214 3980 1307 4031 autom

170 4060 331 4134 perspicilur
353 4062 448 4117 verba:
471 4077 519 4131 „so
540 4062 596 4117 niul
616 4062 740 4134 kivniges
761 4064 804 4119 isl.
826 4079 857 4119 so
877 4064 913 4119 iel
933 4065 1003 4121 doch
1022 4068 1084 4123 rehl
1104 4063 1177 4138 uid',
1196 4085 1255 4126 non
1270 4071 1307 4126 ad

169 4154 377 4235 praecedentem
396 4157 555 4212 senteutiam
575 4158 675 4228 „swan
689 4158 766 4215 einen
781 4175 842 4214 man
857 4158 977 4231 rucget''
999 4162 1148 4234 periinere,
1167 4164 1220 4220 sed
1234 4168 1307 4222 male

106 4257 110 4264 ‘
168 4252 222 4306 lure
245 4251 407 4323 lrouepoeilu
433 4268 493 4308 csse
520 4269 554 4307 ax
579 4252 700 4323 margine
726 4253 792 4309 loci:
819 4254 882 4325 „din
907 4255 947 4311 sol
967 4255 1017 4312 der
1037 4257 1307 4332 huet-kindina

169 4345 253 4406 sinon
272 4346 383 4419 kivnige
403 4347 487 4404 vnde
508 4347 601 4404 allen
621 4347 825 4405 weiblichen
844 4348 1033 4408 richlern''
