2722 4898
259 783 400 848 Bavarici
427 783 496 846 libri
524 780 623 862 capita
646 781 787 844 56-58
815 781 934 844 turbato
962 780 1067 842 ordine
1096 740 1165 843 buc·
1179 780 1309 861 disjecta

174 886 365 951 manifestum
386 893 435 950 est
456 885 610 965 pertinere
633 884 672 946 ad
695 885 799 964 capitis
819 882 861 944 45
883 884 993 946 verba:
1017 901 1076 960 „ez
1098 882 1308 963 uersprecben

175 1043 198 1052 ι-
218 1041 377 1051 ...ιφ-...α

174 1128 260 1184 nenda
287 1126 454 1183 committere
480 1124 588 1180 licebat.
630 1124 798 1196 Sequebatur
820 1122 881 1178 inde
907 1139 956 1188 nec
982 1123 1016 1178 ad
1042 1123 1187 1179 sententies
1208 1122 1308 1195 prole-

173 1223 271 1277 reudes
291 1236 378 1292 neque
398 1220 432 1274 ad
447 1218 597 1274 testimonia
612 1218 725 1273 dicenda
742 1216 920 1274 admittendos
941 1234 1001 1272 esse
1022 1216 1196 1289 imperfectae
1213 1217 1309 1272 aetatis

174 1315 310 1383 homines,
336 1329 402 1385 quos
422 1319 587 1385 provocatos
612 1314 645 1368 ud
671 1313 795 1368 tuendam
816 1312 949 1383 dictorum
968 1304 1111 1367 veritatem
1133 1311 1214 1367 armis
1234 1311 1309 1383 ipsos

175 1407 354 1477 contendere,
378 1408 401 1462 si
421 1407 558 1476 dolarent,
585 1423 652 1479 opus
677 1423 730 1462 non
755 1413 822 1462 erat.
862 1406 892 1461 ln
917 1404 1026 1476 antiqua
1048 1404 1100 1459 bac
1121 1405 1191 1476 J‘uris
1211 1405 1309 1476 regula

174 1502 293 1557 nituntur
318 1501 526 1557 bavaricilibri
552 1502 721 1573 prooemium
747 1501 859 1581 sublit.
882 1517 901 1570 g
928 1499 1031 1555 verbis:
1062 1514 1126 1570 „so
1143 1516 1173 1553 er
1200 1499 1309 1555 zesinen

175 1602 256 1666 tugen
276 1594 462 1651 vollecbomen
483 1595 524 1650 ist.
552 1595 601 1650 daz
629 1596 662 1650 ist
685 1611 715 1650 so
741 1577 856 1649 er'einz
879 1594 933 1649 vnd
956 1593 1092 1650 zwainrec
1118 1593 1159 1648 iar
1180 1593 1218 1648 alt
1240 1587 1308 1663 ist”3

176 1696 204 1744 et
224 1695 304 1762 caput
318 1689 355 1744 86
376 1690 421 1745 ubi
442 1689 588 1760 requiritur
604 1689 724 1761 judicem
744 1690 874 1760 maJ'orem
896 1704 964 1743 anno
984 1687 1113 1744 vicesimo
1130 1687 1219 1759 primo
1241 1703 1307 1742 esse.

251 1783 374 1839 Perfecta
390 1783 542 1838 octodecim
563 1800 691 1839 annorum
712 1789 797 1855 aetas,
818 1799 896 1854 quam
915 1783 941 1837 io
955 1781 1118 1854 praestanda
1130 1779 1309 1853 jurisjurandi

176 1877 228 1932 lide
249 1876 460 1949 testimoniisque
480 1877 644 1949 recipiendis
665 1872 835 1933 observaturi
856 1894 913 1932 esse
934 1875 1014 1931 docet
1034 1876 1175 1931 bavaricus
1196 1875 1230 1930 de
1248 1876 1311 1946 jure

174 1969 273 2026 leudali
293 1971 364 2026 liber
385 1971 473 2042 capite
493 1971 531 2024 48
550 1971 656 2026 verbis:
687 1970 752 2041 „wil
777 1972 842 2026 aber
863 1971 902 2026 sin
923 1975 1056 2026 vormvni.
1083 1986 1114 2024 er
1134 1974 1217 2025 swert
1239 1967 1309 2024 dau·

173 2065 245 2119 aoclr
264 2063 307 2118 liar
326 2065 353 2118 in
373 2064 435 2119 wol.
461 2069 523 2118 rotz
548 2079 578 2118 er
598 2064 689 2119 lrumet
713 2065 758 2119 bin
784 2082 815 2120 ze
841 2064 959 2120 abzeheu
983 2060 1088 2133 iareu”‚
1114 2070 1141 2118 et
1162 2063 1252 2136 capite
1272 2061 1309 2117 49

176 2156 279 2212 verbis:
307 2157 397 2227 „vada
417 2173 448 2211 er
469 2174 532 2239 mag
556 2157 674 2213 niemaus
697 2159 796 2229 gezivg
816 2159 863 2212 sin.
890 2165 952 2213 vntz
979 2158 1028 2213 dau
1055 2174 1086 2212 ez
1112 2157 1243 2213 abtzebeu
1269 2156 1310 2210 iar

175 2251 212 2306 alt
231 2250 319 2305 wirt''
344 2249 372 2304 iu
396 2248 578 2306 meridionalis
599 2249 756 2329 Germaniae
779 2270 839 2307 usus
859 2252 1012 2307 introducta
1033 2259 1073 2308 est
1093 2269 1127 2308 ex
1147 2252 1309 2322 Langobar-

175 2344 271 2400 dorum
285 2344 363 2415 jure‚
388 2343 422 2398 dc
443 2360 495 2414 quo
515 2344 638 2400 videatur
659 2347 802 2419 Lutprandi
829 2346 902 2416 regis
923 2346 1039 2401 edictum
1060 2362 1129 2414 anno
1150 2346 1207 2415 ejus
1229 2345 1310 2416 regni

174 2438 237 2494 XIX
257 2438 456 2510 promulgatum
478 2436 533 2512 (ed.
549 2439 745 2513 Walter,·cap.
761 2441 870 2508 cxvii)
899 2447 926 2494 et
952 2439 1084 2495 Friderioi
1110 2440 1191 2512 primi
1217 2440 1309 2511 impe-

174 2531 276 2588 ratoris
296 2530 420 2587 edictalis
445 2532 490 2588 lex
510 2533 570 2589 anui
592 2531 668 2592 1158
693 2533 910 2602 (badericus
936 2533 969 2589 de
994 2534 1079 2604 gestis
1097 2533 1169 2590 Frid.
1191 2533 1256 2607 imp.
1278 2533 1312 2603 ΙΙ,

175 2625 232 2681 cl
253 2630 280 2681 et
299 2642 341 2698 pr.
362 2627 389 2681 F.
411 2626 445 2695 ΙΙ,
465 2626 517 2695 53)
538 2627 629 2683 verbis
652 2644 687 2698 „a
708 2628 812 2682 decimo
834 2634 932 2685 octavo
954 2643 1023 2684 unco
1042 2628 1163 2700 usque.''¹

202 2748 205 2753 <
252 2717 400 2775 Saronicus
420 2721 540 2792 scriptor
560 2720 586 2777 iu
602 2721 671 2791 juris
692 2721 804 2776 leudulis
824 2721 904 2777 libro
920 2723 985 2789 (art
1005 2722 1056 2789 26)
1079 2722 1256 2778 vetustiorem
1276 2721 1311 2777 dc

173 2812 312 2886 perfectae
333 2814 430 2870 aetatis
449 2814 543 2870 diebus
563 2815 677 2888 patrium
698 2821 913 2885 tuetucmorem,
927 2817 978 2870 cui
999 2816 1125 2872 convenit
1145 2823 1174 2871 ct
1186 2817 1310 2872 Franco·

174 2907 308 2977 gallorum
324 2908 494 2964 consuetudo
514 2891 745 2978 (litablissemeuts
764 2909 798 2966 de
819 2910 858 2966 St.
872 2909 952 2965 bouis
970 2910 992 2981 1,
1012 2927 1036 2966 c.
1052 2909 1194 2980 733142).

249 3001 395 3072 Decrepitu
415 3008 488 3057 actas
507 3003 617 3059 militiae
633 3003 801 3059 vacationem
817 3003 961 3060 tribuebat.
978 3004 1192 3082 'sexagenarios
1206 3021 1221 3060 a
1235 3021 1309 3062 non-

174 3095 255 3150 nullis
275 3110 309 3151 eo
328 3093 392 3150 loco
407 3095 513 3167 positos
533 3113 592 3152 esse
613 3097 736 3152 bavarici
755 3096 818 3153 libri
838 3098 914 3152 locus
933 3098 1044 3168 iudicat,
1064 3116 1144 3171 quem
1156 3099 1309 3156 doctrinam

174 3189 316 3246 saxonicus
339 3188 457 3262 scriptor
483 3191 621 3263 amplexus
646 3197 700 3260 ast3
732 3191 780 3246 sed
805 3192 902 3248 merito
933 3209 991 3248 eam
1021 3193 1164 3250 bavaricus
1188 3195 1309 3267 scriptor

174 3283 333 3357 reprobavit
352 3283 516 3356 opinionem,
536 3285 606 3341 omni
618 3285 774 3341 destitutam
794 3287 964 3357 auctoritate,
985 3303 1115 3359 quamque
1136 3288 1230 3343 falsam
1250 3306 1310 3344 esse

174 3375 255 3432 docet
279 3383 333 3434 tam
357 3377 532 3448 Isidorus,
556 3385 658 3434 sextum
678 3381 749 3436 ritae
769 3380 898 3436 bumauae
920 3389 1054 3461 aetatem,
1076 3382 1188 3438 senilem
1214 3383 1310 3439 vocari

174 3469 298 3541 solitam,
322 3472 356 3527 ab
378 3486 447 3527 anuo
467 3470 573 3527 demum
594 3474 793 3545 septuagesimo
814 3483 983 3547 computans,
1010 3492 1088 3548 quam
1108 3476 1310 3533 Fridericus

59 3546 67 3583 ³
220 3571 381 3637 perator,
411 3564 457 3637 qui
487 3565 596 3622 edictali
626 3586 672 3625 sua
702 3570 765 3639 lege
795 3571 918 3642 superius
945 3587 961 3625 a
988 3587 1029 3626 me
1056 3570 1165 3626 laudata
1195 3570 1311 3627 militiae

123 3658 134 3671 ⁴
158 3577 277 3829 *aa
308 3657 342 3713 ad
367 3675 462 3715 acuum
486 3676 570 3730 usque
595 3664 820 3734 septuagesimum
845 3664 955 3719 extendi
982 3665 1075 3720 voluit.
1121 3666 1195 3720 Loco
1218 3671 1311 3720 autem

211 3745 297 3802 'arici
317 3750 382 3808 libri
401 3753 435 3808 de
455 3755 621 3825 octagesimo
646 3772 716 3813 anuo
742 3741 949 3829 comparandum
976 3765 1016 3814 est
1041 3765 1121 3831 caput
1140 3759 1179 3814 86
1199 3759 1248 3814 ubi
1274 3759 1310 3815 da

185 3839 264 3895 udioe
284 3839 395 3903 dicitur:
422 3864 473 3918 „er
493 3849 533 3905 sol
554 3851 624 3905 oucb
644 3851 728 3906 under
750 3852 823 3907 eines
844 3852 896 3906 und
922 3853 1063 3924 uweicueg
1082 3853 1159 3908 iareb
1178 3853 1238 3908 aiut
1259 3854 1309 3909 sin.

176 3932 389 3992 audemaller.
410 3942 515 3998 eracl
536 3945 844 4016 ueberabzegiar
865 3944 1043 4003 uiutsin.''

251 4027 394 4085 Perfectus
414 4035 507 4092 aetatis
532 4037 558 4093 iu
578 4038 748 4095 celebrandis
768 4039 960 4096 ecclesiasticis
984 4041 1094 4110 synodis
1115 4057 1150 4096 ex
1165 4042 1236 4111 juris
1257 4057 1312 4098 ro-

176 4120 246 4178 mani
265 4121 387 4179 doctrina
407 4124 571 4186 habebantur
591 4147 643 4188 uon
664 4133 715 4189 uisi
734 4132 851 4201 maiores
870 4134 967 4204 viginti
987 4135 1105 4207 quinque
1125 4136 1216 4203 aunis,
1237 4142 1313 4193 teate

174 4215 297 4273 bavarici
317 4217 380 4275 libri
400 4218 574 4292 capite1403
593 4241 671 4292 quam
692 4225 869 4282 ecclesiastici
889 4235 917 4283 et
936 4228 1067 4285 laicorum
1084 4230 1155 4300 juris
1173 4229 1313 4288 differen-

174 4308 240 4370 mn
258 4308 384 4372 uastam
403 4313 547 4390 reamissa
567 4318 723 4376 oxoniam
742 4318 841 4378 riarum
866 4303 925 4391 (io.
947 4322 968 4380 r.
989 4329 1039 4381 nc
1054 4323 1084 4396 a·
1104 4326 1133 4393 s.
1148 4324 1179 4396 1)
1201 4325 1315 4386 nmine
