2714 4898
525 352 740 423 ...75-

77 548 122 593 tro
135 529 278 593 tribunali
293 537 324 594 et
338 548 379 592 ex
393 529 481 613 regia
497 537 608 593 aucto-

77 632 156 695 u’tate
171 650 277 696 corum
292 632 338 696 rei
353 633 428 696 sitae
439 633 544 715 judice
557 633 608 697 di-

77 735 195 798 :endam
215 754 296 801 esse.

119 836 273 903 Defuncto
287 844 363 924 rege
379 846 538 922 acceptam
553 856 608 903 se-

77 942 125 1005 nei
139 959 242 1023 neque
261 942 408 1007 ademtam
416 942 608 1025 judiciarium

77 1051 247 1110 totestatem
263 1065 325 1110 nou
336 1047 445 1110 iterum
456 1046 608 1131 expeten-

77 1147 134 1210 iuur
151 1166 233 1214 esse.

717 1234 776 1290 Art.
798 1232 845 1290 38.
880 1231 984 1302 „Sacer
1010 1229 1038 1286 bi
1062 1230 1197 1304 dooiupcs

660 1310 750 1384 duone
780 1321 959 1402 diapet''’
896 1356 935 1367 -
961 1324 1124 1397 :linguam
1153 1324 1197 1380 vel

658 1421 754 1495 perdat
771 1422 814 1478 vei
833 1419 948 1477 redimat
963 1419 1008 1493 qui
1027 1419 1131 1491 regiam
1148 1419 1197 1489 ju-

660 1515 765 1572 dicandi
786 1508 947 1590 potestatem
966 1512 1148 1588 usurpaverit.

371 1693 406 1764 u
439 1691 573 1768 inditur
587 1689 894 1784 juucrnnutuur.

125 1833 247 1915 Caput
271 1832 323 1899 93.
365 1835 607 1917 Unumquodque
711 1833 778 1896 Art.
790 1833 848 1898 39.·
860 1832 919 1909 „Ic
933 1851 972 1895 oe
986 1796 1197 1897 moduinum

77 1936 209 2016 judicium
225 1957 242 2000 a
257 1956 411 2019 praecone
431 1957 606 2003 convocarr-
658 1937 794 2001 richtarc
817 1936 888 1999 ecdt
917 1935 993 2015 diup
1015 1934 1116 1997 dobeo
1138 1952 1199 1996 ouo

77 2039 137 2102 dum
159 2058 240 2117 esse.
659 2042 727 2104 cine
749 2041 933 2105 satureum
953 2039 1069 2111 -’'¹).

125 2143 295 2207 considens
305 2144 403 2225 judex
421 2153 489 2208 oute
507 2147 606 2209 omnia

77 2246 239 2330 interroget
257 2260 442 2328 praeconem
461 2266 532 2312 rrum
552 2250 607 2310 rite

77 2366 108 2410 ea
131 2352 312 2414 convocatio
339 2351 419 2414 sacta
448 2351 494 2414 sit.
534 2352 606 2414 'duur

77 2452 250 2536 interroget,
267 2472 303 2516 on
317 2454 355 2516 de
371 2472 448 2536 poce
463 2473 523 2518 nou
539 2461 607 2516 tur-

77 2555 167 2620 tanda
178 2556 424 2637 proclamandum
437 2557 483 2638 sit,
497 2558 607 2621 deinde

77 2676 107 2723 au
134 2658 467 2749 expectandivocato's
490 2668 607 2742 tempus

77 2762 203 2845 elapsum
226 2763 275 2833 sit.

125 2865 193 2939 ouo
211 2864 292 2929 unu
309 2848 487 2950 rrrrg'auuum
507 2866 607 2929 auvo-

77 2968 127 3033 uu
136 2967 309 3048 audiantur,
321 2969 370 3039 vel
382 2969 466 3051 ipsae
479 2967 510 3031 si·
516 2968 608 3033 veiint

77 3080 181 3151 partes.
794 3120 798 3125 -
897 3122 904 3136 .

125 3173 299 3238 consultius
320 3182 421 3239 tamen
438 3175 476 3238 ob
493 3175 608 3238 erroris
716 3134 863 3251 „Sunder
895 3174 1103 3255 ooropre'cdeo
1135 3182 1199 3236 rorat

77 3276 245 3363 :orrigeudi
261 3278 410 3343 licentium
430 3295 510 3365 esse,
534 3297 608 3342 ora·
660 3276 722 3340 wod
742 3268 850 3359 'clupeo
874 3274 931 3338 der
952 3295 1023 3383 moa
1041 3312 1090 3340 -υ,
1108 3326 1112 3332 .

77 3399 137 3445 ore
163 3380 195 3443 in
219 3383 417 3463 proponenda
440 3382 533 3447 causa
555 3384 609 3446 uti

123 3482 222 3539 Prcrao
251 3500 393 3556 sermone,
422 3486 446 3541 si
452 3502 538 3560 opus
565 3485 609 3556 sit,
724 3520 728 3531 κ

77 3584 206 3637 ardorem
232 3579 345 3637 instruct
364 3580 419 3636 litis
441 3579 582 3655 domiuus²
586 3583 609 3648 ).
707 3581 710 3585 ’

125 3673 246 3739 Causae
274 3682 380 3739 orator
405 3675 527 3739 dicendi
550 3694 609 3740 ve-

77 3777 148 3841 riam
172 3777 313 3859 ujudice
335 3785 427 3860 petat.
460 3778 492 3842 Si
515 3796 609 3841 causa
695 3818 705 3847 c

147 3974 179 4045 1)
199 3975 347 4035 Saronicus
366 3976 485 4049 scriptor
505 3964 542 4033 ad
555 3975 657 4047 judicic
674 3973 808 4032 uicarium
821 3974 1039 4046 referensque
1059 3973 1093 4030 do
1113 3990 1198 4047 prae-

77 4085 136 4127 cone
159 4070 306 4128 bavaricus
330 4072 400 4129 iiber
426 4071 523 4142 docet,
546 4077 654 4127 secutus
679 4070 732 4126 troc
756 4070 833 4127 ioco
838 4075 886 4125 ast
899 4068 969 4140 juris
989 4069 1085 4127 munic:
1105 4084 1198 4127 aaron.

77 4171 120 4222 nrt.
139 4165 213 4223 xvt
423 4220 428 4227 ,
470 4210 474 4215 .
513 4204 519 4211 .
616 4208 621 4217 .

146 4261 179 4330 2)
200 4261 276 4317 Cous.
298 4277 367 4335 quae
388 4279 422 4318 ex
447 4262 576 4319 saxonico
596 4262 667 4319 libro
687 4266 748 4334 post
772 4258 895 4317 bavarioi
913 4216 977 4319 titud
997 4258 1110 4332 oup198
1129 4258 1169 4316 tu
1183 4275 1198 4317 a

77 4355 187 4415 anum
207 4356 324 4417 venient
