2722 4898
561 316 570 325 ”
627 323 775 428 -ssc
816 396 860 410 -

180 537 352 596 inimicitiave
373 537 499 596 seductos
518 537 647 612 suffragia
666 538 718 593 da·

180 640 256 690 turos
276 649 343 690 csse.

180 781 382 789 ——ffl—

256 865 334 934 Quod
354 864 425 921 eninr
444 864 557 934 dicitur,
583 864 652 919 ultra
678 878 773 919 annum
799 869 827 920 et
852 863 924 921 dena
943 864 1048 921 dillerri
1067 879 1125 920 enm
1147 863 1312 922 electionem

179 960 354 1031 conticere,
379 959 407 1014 id
426 974 481 1016 non
500 958 553 1014 alia
573 957 608 1014 de
628 974 707 1013 cansa
727 957 773 1012 bic
792 958 961 1030 interjectum
981 966 1038 1030 est,
1062 974 1140 1029 quam
1161 959 1235 1030 quod
1257 959 1311 1014 ab·

179 1055 296 1112 sentibus
309 1055 453 1112 bohemiae
472 1069 541 1124 rege
559 1051 810 1124 marchionibusque
825 1045 1066 1124 brandenburgicis
1087 1053 1152 1109 licet
1171 1052 1218 1108 ille
1239 1069 1312 1124 pro-

179 1156 332 1207 curatorem
352 1150 543 1220 deputaverat,
568 1146 595 1202 bi
615 1147 703 1202 vices·
716 1162 777 1202 suns
802 1146 935 1219 gerendus
954 1147 1092 1205 Saxonum
1111 1147 1173 1202 duci
1193 1148 1312 1203 commi-

179 1251 278 1315 serant‚
292 1242 418 1300 llicbardi
432 1242 562 1312 lautores,
578 1241 690 1313 aliorum
704 1241 853 1313 principum
867 1241 996 1312 suffragia
1010 1242 1149 1298 declinere
1163 1243 1314 1314 cupientes,

179 1339 368 1395 simulaverant
387 1351 489 1392 morem
508 1351 562 1391 ιιοιι
581 1335 637 1407 pati
658 1335 828 1406 electionem,
847 1351 881 1391 ne
896 1335 1031 1392 definitum
1045 1337 1106 1393 anni
1123 1342 1150 1392 et
1165 1336 1222 1393 diei
1237 1342 1312 1392 tenr-

179 1449 228 1505 pus
249 1433 413 1488 elaberetur.

256 1525 426 1582 Francolurti
445 1530 545 1580 tanturn
566 1525 727 1580 electionem
747 1525 800 1580 rite
820 1525 879 1580 lieri
900 1540 980 1597 posse
999 1541 1165 1599 nequaquam
1185 1525 1315 1597 antiquae

180 1619 376 1679 consuetudinis
398 1625 466 1689 erat,
486 1636 565 1690 quum
584 1619 638 1675 lroc
658 1636 737 1674 unum
757 1625 871 1690 constet,
893 1620 1039 1676 electiones
1059 1620 1195 1676 celebrari
1215 1620 1315 1677 solitas

179 1734 241 1773 esse
266 1716 292 1770 in
321 1721 396 1771 terra
425 1714 595 1783 franconica,
625 1731 651 1770 r.
672 1729 696 1771 c.
716 1713 902 1784 wormatiae,
931 1715 1098 1786 maguntiae,
1127 1715 1315 1772 continentiae

178 1808 447 1881 (Olenscbl-ager
467 1824 535 1864 neue
552 1808 606 1864 Erl.
625 1807 649 1863 d.
667 1806 742 1879 gold.
756 1807 841 1878 bullo,
859 1825 893 1880 p.-
903 1807 964 1879 12),
983 1809 1115 1880 siquidem
1132 1803 1315 1881 ipsum'ger-

179 1905 309 1960 manicam
334 1903 475 1975 imperium
501 1919 536 1958 ex
565 1902 674 1973 antiquo
704 1902 868 1957 Francorum
898 1918 986 1974 regno
1015 1903 1147 1974 originem
1176 1910 1317 1976 traxerat,

178 2014 312 2071 regesque
333 1999 511 2069 cujuscunque
530 1996 640 2052 luissent
659 1996 773 2051 nationis
793 2012 852 2053 earn
871 1999 907 2053 ob
922 2013 980 2053 rem
992 1998 1088 2054 Franci
1108 1999 1317 2069 reputabantur.

179 2092 303 2149 lliobardi
323 2098 411 2148 autem
431 2093 569 2147 electores
588 2090 701 2146 subdole
717 2090 890 2147 lraoconicae
905 2099 997 2149 terras
1012 2092 1205 2149 substituerunt
1221 2093 1316 2150 locun

178 2182 450 2259 „Franlseneslelde''‚
475 2186 502 2241 in
523 2200 576 2257 guo
604 2185 739 2241 conditum
765 2191 824 2240 erat
849 2186 975 2258 oppidum
994 2186 1206 2257 Frankenlnrtb‚
1234 2205 1315 2244 asse-

177 2287 268 2338 rentes
293 2296 419 2352 nusquam
446 2280 511 2335 alibi
531 2280 605 2349 justo
631 2278 766 2335 celebrari
793 2280 970 2350 electionem,
999 2280 1063 2336 licet
1092 2282 1142 2337 sub
1168 2282 1317 2339 sianiensis

178 2376 269 2446 stirpis
293 2375 405 2445 regibus
428 2373 543 2445 primum
569 2373 596 2428 in
622 2373 703 2428 curiis
725 2374 894 2429 Francolurti
918 2374 1018 2430 babitis
1044 2375 1157 2446 transigi
1174 2383 1316 2448 ¹coeptum

179 2474 219 2525 est
238 2468 274 2523 de
293 2466 471 2522 adsciscendis
491 2468 517 2521 in
540 2483 653 2538 regnum
672 2467 758 2538 regiis
777 2467 852 2538 litiis,
872 2484 924 2524 nec
943 2475 1111 2540 constanter,
1138 2486 1219 2542 quun
1246 2471 1316 2529 tides

178 2561 241 2618 data
254 2561 375 2617 Viennae
395 2561 509 2632 primurn
529 2560 661 2617 Friderici
680 2561 790 2618 secundi
812 2562 983 2634 imperatoris
1002 2564 1059 2620 lilio
1072 2564 1199 2621 Conrado
1216 2566 1316 2638 Spirae

179 2662 272 2728 postea
292 2656 437 2711 solenniter
458 2656 613 2711 conllrmata
634 2661 682 2711 est.

254 2751 338 2806 Extra
351 2751 396 2806 vel
411 2750 482 2805 intra
500 2749 627 2822 oppidum
647 2749 699 2805 rite
720 2749 859 2806 electionis
878 2752 1064 2808 solennitatem
1080 2752 1218 2809 celebrari
1235 2770 1315 2826 posse

178 2850 377 2918 proposuerunt
396 2843 522 2899 llicbardi
542 2845 690 2915 electores,
716 2843 788 2915 quod
808 2850 870 2900 ante
888 2852 982 2917 portas
1002 2846 1106 2917 eligere
1128 2847 1180 2918 ipsi
1201 2857 1314 2907 coactos

178 2938 352 3008 malderum,
372 2945 571 3010 praeoccupata
590 2938 700 2994 civitate
718 2954 733 2993 a
748 2939 894 2996 trevirensi
914 2940 1119 3012 archiepiscopo
1132 2947 1161 2996 ct
1174 2941 1313 3000 Senoniae

178 3033 258 3103 duce,
278 3033 324 3104 qui
344 3032 523 3088 intromittere
539 3032 605 3088 istos
621 3034 773 3104 noluerant,
793 3032 913 3089 dicentes
926 3035 1029 3105 majore
1044 3041 1208 3091 armatorum
1221 3038 1312 3094 boni-

178 3143 240 3182 num
260 3142 338 3183 manu
358 3116 435 3198 quam
456 3142 504 3198 par
532 3114 602 3183 meet
625 3127 738 3198 stipatos
764 3142 812 3182 eos
830 3128 936 3184 reabse
956 3128 1125 3200 caeterisque
1145 3131 1313 3188 electoribus

178 3227 207 3276 ut
228 3221 280 3277 rim
299 3220 414 3276 inferant
437 3220 533 3277 moliri.

253 3314 335 3386 Apud
360 3320 463 3387 septem
483 3314 598 3386 denique
617 3314 753 3386 principes
779 3315 921 3371 electionis
945 3316 1074 3388 suffragia
1100 3334 1160 3376 esse
1185 3321 1312 3377 lticbnrdi

178 3410 313 3467 electores
333 3416 517 3480 asseruerunt,
536 3426 589 3466 non
610 3416 639 3465 ut
656 3408 870 3480 restringeretur
884 3410 1033 3482 principum
1049 3410 1200 3470 electorum
1215 3432 1311 3473 nume-

177 3520 240 3574 rus,
261 3503 308 3559 sed
328 3510 357 3559 ut
376 3510 540 3575 argueretur
561 3504 705 3560 bohemiae
725 3505 799 3575 regis
820 3510 847 3559 et
866 3505 1130 3578 brandenburgensis
1149 3510 1311 3566 marchionis

178 3598 307 3668 absentia,
328 3613 440 3668 quorum
460 3598 632 3670 longinquius
651 3605 818 3655 remotorum
838 3598 979 3656 adventurn
999 3601 1060 3672 ipsi,
1079 3603 1210 3673 majorem
1227 3620 1310 3676 prae-

178 3691 291 3747 sentium
311 3698 414 3762 partem
434 3692 573 3764 iacientes,
594 3699 740 3765 expectare
760 3708 812 3749 non
832 3693 989 3766 potuissent,
1001 3712 1043 3752 ne
1056 3697 1225 3767 praeteriret
1237 3699 1310 3770 legi-

177 3787 255 3841 timus
279 3785 418 3843 faciendae
443 3786 584 3844 electioris
612 3804 709 3858 annos,
734 3791 809 3858 cujus
829 3788 983 3860 quindecim
1008 3796 1108 3847 tanturn
1129 3790 1189 3848 dies
1213 3792 1309 3865 reliqui

177 3878 296 3936 luissent.

255 3973 355 4029 contra
375 3974 508 4046 dlpbcnsi
528 3976 663 4032 electores
684 3977 849 4047 asserebant,
870 3992 922 4034 non
943 3979 1084 4035 electionis
1103 3996 1196 4051 causa,
1216 3983 1264 4038 sed
1281 3988 1308 4036 ut

178 4069 212 4123 de
233 4066 355 4122 iacienda
375 4068 508 4124 electione
524 4075 765 4140 praetractaretur‚
785 4070 855 4127 diem
869 4072 1019 4129 condictam
1034 4073 1125 4144 inisse,
1144 4075 1231 4146 ipsam
1246 4091 1308 4131 vero

176 4161 318 4217 electionis
342 4161 412 4216 diem
439 4179 491 4218 non
512 4179 527 4216 a
547 4164 659 4235 singulis
684 4165 847 4221 electoribus
873 4166 920 4222 sed
947 4166 981 4222 de
1006 4169 1138 4224 communi
1160 4171 1308 4242 principum

178 4271 308 4312 consensu
333 4257 496 4313 statuendam
523 4275 597 4332 esse;
629 4260 765 4330 negabant
790 4260 949 4317 electionem
979 4264 1157 4319 consummari
1182 4270 1306 4337 oportere

177 4351 247 4407 intra
272 4367 367 4407 annum
393 4357 421 4408 et
446 4351 516 4410 diem
541 4353 653 4427 fierique
679 4360 756 4412 extra
781 4371 872 4412 muros
891 4371 988 4430 posse,
1013 4363 1139 4416 notames
1158 4358 1305 4433 quindecim
