2722 4898
513 366 748 431 -tto-

88 550 142 606 qnae
155 533 254 591 vulneri
275 535 434 593 occubuerit
452 537 606 610 priusquam

87 634 180 684 venator
193 631 389 701 supervenerit,
409 632 466 703 ejus
482 650 552 704 esse,
573 633 606 690 ad

86 722 147 778 fundi
160 723 290 780 dominum
303 741 380 796 vero,
398 727 442 782 oui
456 728 605 784 venationis

86 816 117 872 iti
129 818 165 888 jus
180 825 227 888 est,
244 820 393 893 pertinere⁷
409 821 431 877 si
445 822 539 878 vivens
554 823 605 879 de-

87 911 254 981 prehendatur.
824 950 835 963 a

707 974 816 1044 Segetes
832 992 882 1046 quo
897 985 1009 1046 tempore
1023 980 1132 1032 transire
1146 996 1196 1033 ve·

656 1062 763 1114 nationis
783 1078 860 1114 rausa
878 1064 1028 1129 permissum
1047 1081 1098 1117 uon
1117 1068 1155 1117 sit.

132 1127 203 1183 Feras
219 1127 319 1183 bestias
337 1129 394 1200 eius
410 1130 540 1202 reputari,
562 1130 607 1200 qui

88 1220 181 1276 venandi
201 1222 245 1292 jus
271 1222 368 1279 haheat
395 1225 439 1279 ubi
465 1232 607 1296 vagentur,

87 1314 190 1381 quandiu
208 1317 349 1373 venaticae
374 1318 458 1374 silvae
479 1320 607 1375 terminos

88 1422 192 1476 egressae
210 1426 263 1466 non
283 1412 391 1469 luerint.

133 1504 215 1560 leram
241 1506 352 1562 bestiam
378 1524 445 1579 qnae
466 1508 605 1564 uulnerata

88 1601 149 1652 extra
169 1600 316 1657 venationis
344 1603 472 1658 terminos
498 1609 608 1659 corruat

88 1695 220 1765 occupantis
235 1695 306 1766 fieri,
325 1703 464 1771 postquam
481 1698 606 1770 persequi

88 1798 134 1839 eaor
152 1796 259 1847 venator
285 1789 411 1862 desierit;
436 1793 458 1847 si
484 1792 605 1864 capiatur

88 1877 116 1932 ab
129 1881 172 1937 alio
188 1885 274 1943 donec
288 1892 466 1957 persequatur
480 1903 538 1941 earn
553 1903 605 1942 ve-

86 1978 162 2047 nator,
186 1986 229 2035 out
252 1980 346 2036 vivens
369 1987 415 2037 aut·
438 1987 541 2037 mortua
565 1980 605 2035 illi

87 2065 193 2128 reddetur
203 2078 240 2144 ¹).

154 2163 277 2220 Posterior
299 2183 388 2225 manns
409 2166 452 2232 jus
473 2183 603 2220 romanum

116 2247 147 2308 (t.
158 2249 194 2304 12.
214 2254 237 2307 l.
256 2254 289 2305 de
309 2269 358 2306 rer.
377 2254 442 2318 div.)
465 2255 606 2321 respiciens

114 2329 153 2384 loe
165 2336 218 2390 leco
237 2339 341 2405 adjecit:
358 2339 436 2391 feram
451 2356 507 2391 curn
522 2341 604 2391 alicu-

110 2414 144 2478 jus
159 2425 293 2477 custodiam
312 2428 423 2478 evaserit
441 2435 465 2476 et
482 2427 507 2476 in
524 2426 604 2476 liber-

112 2508 174 2559 ittenr
189 2511 329 2563 naturalem
344 2528 402 2563 sese
418 2502 542 2578 receperit
556 2512 603 2561 de-

112 2588 181 2646 sinere
198 2596 254 2662 ejus
273 2613 339 2649 esse.

132 2678 228 2754 Caput
253 2684 319 2743 237.
365 2684 530 2756 Accipitrem
559 2693 603 2740 aut

85 2783 113 2821 ex
128 2776 275 2850 accipitrum
291 2795 394 2850 genere
415 2796 501 2848 avem,
522 2797 603 2852 spar-

84 2865 167 2925 rarinm
190 2872 305 2943 dietum,
333 2874 433 2930 aliasve
457 2890 520 2929 aves
542 2882 603 2945 post
703 2908 706 2913 -

84 2958 192 3036 triduum,
221 2983 274 3039 quo
302 2967 402 3024 domini
432 2985 478 3023 eas
503 2985 602 3040 perse-

83 3058 168 3122 quentis
196 3062 345 3117 custodiam
373 3064 522 3132 eraserint,
553 3080 603 3118 ca-

81 3148 159 3218 pientis
177 3154 244 3211 sieri.
278 3155 443 3228 Accipitrem
464 3157 537 3228 pileo
558 3158 603 3212 iu-

81 3241 154 3301 dutun
165 3264 322 3320 quoeunque
336 3257 458 3323 ternpore
473 3251 604 3322 capiatur,
662 3292 665 3296 -

79 3335 171 3396 domino
187 3344 381 3399 restituendum
400 3361 457 3400 esse
468 3349 505 3414 ¹).

81 3451 271 3465 .-„—-,—„—-

145 3504 171 3574 l)
197 3505 364 3563 Conveniunt
389 3507 452 3561 huie
477 3509 539 3563 loco
560 3525 627 3579 quae
647 3507 799 3565 Friderieus
826 3506 926 3580 primus
950 3507 1097 3580 imperator
1117 3508 1193 3580 paois

74 3613 144 3653 eausa
169 3601 260 3656 statuit
280 3600 307 3655 in
327 3609 460 3657 conventu
480 3603 611 3663 Brixiensi
632 3618 701 3657 anno
723 3601 797 3657 1158
824 3602 908 3674 (apud
928 3603 993 3657 Pera
1013 3603 1039 3671 1,
1061 3618 1086 3673 p.
1107 3600 1192 3672 tom:

71 3692 111 3747 24.
136 3694 184 3763 „Si
208 3696 267 3766 quis
292 3694 385 3750 laneca
411 3697 453 3751 vel
480 3696 571 3767 gladio
598 3696 680 3750 ieram
707 3696 873 3767 percusserit
897 3702 924 3750 et
951 3701 1091 3766 antequam
1116 3711 1193 3751 manu

67 3786 195 3844 levaverit
213 3789 283 3844 alter
303 3790 494 3861 occupaverit,
519 3806 571 3847 non
592 3791 746 3862 occupantis
767 3789 834 3858 erit,
854 3788 901 3845 sed
918 3789 962 3859 qui
983 3787 1115 3844 occiderit
1135 3803 1194 3843 earn

66 3881 120 3936 sine
140 3883 353 3939 contradictione
374 3881 533 3940 obtinebit.”

138 3977 170 4043 2)
196 3978 355 4043 Posterioris
380 3978 515 4049 eujusdam
542 3978 696 4050 interpretis
721 3983 810 4033 notam
838 3976 969 4031 contineri
992 3976 1098 4031 verbis:
1124 3976 1193 4045 „dan

62 4071 121 4126 relat
147 4071 180 4126 ist
206 4086 260 4128 von
286 4071 337 4129 den
362 4071 477 4143 vogeicn
504 4072 547 4126 die
571 4088 629 4127 man
654 4073 680 4126 in
705 4071 801 4126 kevien
825 4067 981 4125 setzet-.”
1008 4075 1113 4125 constat
1131 4068 1192 4123 inde

60 4165 264 4238 primumquod
284 4182 364 4237 supra
382 4167 436 4235 jnrn
453 4165 487 4220 de
508 4166 601 4221 avibus
620 4182 687 4235 quae
707 4166 823 4220 inclusae
841 4163 990 4219 custodiam
1011 4162 1146 4218 evaserint
1166 4162 1193 4216 in

54 4246 163 4331 'genere
177 4259 278 4315 dietum
296 4259 489 4329 eratpverbis:
511 4260 598 4330 „oder
620 4258 702 4315 ander
723 4254 889 4330 vederspil”,
910 4256 1005 4314 deinde
1020 4255 1091 4328 qnod
1104 4270 1192 4312 voee-

58 4355 186 4411 bulorum
206 4353 286 4426 „eine
306 4350 416 4412 muare*
438 4360 465 4408 et
485 4355 561 4425 „sich
582 4350 710 4411 muraen'
731 4351 902 4409 similitudine
923 4351 1052 4423 deeeptus
1075 4349 1192 4421 ineptis·
