2722 4898
608 383 844 450 ..134..

212 559 252 615 Ex
265 559 356 617 famuli
369 558 494 616 mercede
509 559 633 615 conducti
648 560 699 615 de-

160 654 226 710 licto
239 655 326 721 teneri
340 654 474 710 domicum
491 655 517 710 in
533 655 561 709 id
575 654 701 710 duntaxat

161 748 232 821 quod
252 749 384 806 mercedis
403 750 473 823 apud
491 766 550 804 eum
568 749 700 820 reliquum

160 843 203 914 sit,
223 843 272 900 nisi
291 844 431 915 fidejussor
451 844 578 900 extiterit.
662 871 669 881 ·

210 940 349 996 Posterior
364 939 454 994 scriba
475 939 510 994 ad
528 939 598 994 hunc
612 939 701 994 locum

158 1038 265 1090 notasse
286 1033 403 1105 videtur,
423 1050 491 1106 quae
509 1040 668 1104 sequuntur:

209 1129 328 1203 Expulso
363 1135 424 1185 ante
455 1128 525 1185 diem
556 1144 700 1200 operarum

157 1218 273 1279 locatori
298 1224 432 1294 integram
457 1222 548 1279 statuti
568 1223 700 1295 temporis

158 1316 312 1374 mercedem
328 1306 439 1390 deberi;
460 1317 614 1373 tantundem
630 1333 699 1375 eon-

159 1410 266 1468 duotori
278 1416 436 1485 competere
449 1411 471 1467 si
484 1417 634 1487 susceptum
646 1412 699 1467 mi-

157 1505 296 1567 nisterium
311 1505 421 1562 famulus
439 1521 491 1562 non
503 1493 590 1578 j'ustas
607 1522 700 1562 causas

157 1597 259 1657 hebens
275 1600 462 1675 intempestiue
478 1600 602 1673 dimittet,
622 1601 699 1658 solu-

157 1698 254 1767 taeque
268 1695 333 1766 jam
364 1696 497 1752 mercedis
529 1695 638 1770 duplum
666 1712 700 1751 eo

158 1805 222 1871 casu
251 1789 443 1848 restituendum
469 1808 528 1848 esse
555 1806 699 1864 operarum

153 1881 317 1943 conductori
329 1891 366 1956 ι).

156 2124 313 2192 corruptam
332 2117 453 2175 baturici
473 2117 536 2176 libri
561 2118 717 2175 sententiam
741 2118 878 2192 posterior
899 2118 1005 2189 qnidam
1031 2119 1164 2191 scriptor,
1191 2120 1297 2176 collato

152 2215 253 2270 ¹iterum
266 2213 397 2270 bovarico
410 2215 543 2287 exempto,
563 2229 616 2270 non
629 2215 800 2284 recognovit,
816 2213 864 2269 sed
878 2213 1003 2269 omissam
1016 2213 1130 2269 credens
1144 2230 1179 2269 ex
1194 2215 1294 2270 eodem

151 2309 231 2365 tonte
251 2307 399 2381 supplevit,
420 2309 473 2364 elio
493 2314 582 2363 tamen
602 2309 664 2364 loco
691 2311 783 2381 (spec.
805 2325 859 2364 sax.
881 2308 918 2377 ll,
939 2323 963 2364 a.
984 2307 1036 2378 08,
1062 2309 1150 2380 quedl.
1173 2310 1295 2381 exempli

154 2397 379 2472 Ι11111111106),
405 2403 439 2458 ed
465 2408 545 2475 caput
570 2402 616 2457 ubi
641 2403 730 2473 agitur
756 2401 790 2458 de
817 2402 1045 2482 equitibus-quos
1072 2419 1162 2457 secum
1188 2402 1294 2458 ducere

157 2497 268 2554 comites
292 2497 392 2552 licebat
416 2497 535 2553 venienti
564 2496 597 2552 ad
621 2504 781 2553 conventum
806 2496 863 2567 jari
894 2496 1010 2552 dicundo
1041 2497 1207 2570 habendnm3
1240 2515 1296 2553 non

156 2593 251 2648 uidens
269 2607 391 2664 pugnero
410 2592 479 2647 hano
499 2593 623 2663 regulum
643 2608 702 2648 cum
723 2594 765 2648 his
785 2608 852 2663 quae
879 2598 972 2647 nostro
996 2592 1022 2647 in
1042 2592 1107 2647 ioco
1128 2591 1162 2647 de
1183 2594 1295 2649 actione

155 2685 312 2744 eonomine
329 2686 363 2742 ad
378 2686 527 2742 indemnem
542 2687 728 2759 praestandum
745 2687 819 2742 iundi
834 2685 970 2742 dominum
989 2686 1088 2742 tradita
1108 2688 1293 2760 reperiuntur.

233 2781 265 2851 1)
296 2781 336 2836 lte
360 2781 401 2836 his
426 2781 472 2852 qui
498 2799 534 2837 ex
560 2782 672 2838 aliorum
700 2782 806 2838 delictis
830 2787 955 2838 tenentur
981 2780 1097 2838 indicaui
1123 2782 1178 2852 jam
1210 2799 1295 2857 supra

155 2874 486 2949 (eapitibnsltt,178,
509 2875 582 2946 180)
609 2883 752 2933 1111111111
778 2893 846 2934 esse.
890 2876 985 2932 Obiter
1010 2877 1166 2933 baturicum
1191 2877 1294 2935 librum

151 2970 329 3042 perlustranti
346 2976 438 3043 posset
459 2971 553 3026 mirum
569 2970 667 3043 videri,
687 2972 757 3028 unde
776 2972 821 3028 hic
841 2978 903 3044 post
922 2971 993 3027 lnrta
1013 2977 1145 3028 nocturno
1165 2977 1294 3046 tempore

152 3064 181 3120 in
200 3064 290 3121 alieno
308 3079 377 3136 agro
397 3066 536 3122 commissa
557 3067 594 3133 (1.
610 3066 682 3135 202)
704 3068 766 3124 1111
787 3067 833 3138 qui
854 3066 973 3139 sequitur
994 3068 1032 3134 (o.
1044 3067 1116 3137 204)
1137 3067 1172 3124 de
1187 3066 1294 3124 demnis

152 3173 204 3230 per
217 3173 319 3232 pecore
338 3159 421 3214 illatis
441 3160 586 3233 praemisse
605 3160 693 3217 denuo
712 3169 843 3234 appareat
858 3162 926 3218 haee
940 3161 1054 3233 questio.
1088 3162 1143 3219 Sed
1163 3163 1294 3219 intentius

152 3251 228 3325 legas
251 3257 332 3327 ceput
351 3252 423 3325 202,
448 3255 494 3310 ubi
514 3255 638 3311 statuitur
658 3254 752 3312 decem
776 3257 906 3312 librarum
924 3256 1051 3313 mulctam
1071 3258 1214 3314 incurrere
1236 3258 1292 3314 do—

151 3347 251 3404 minum
270 3348 384 3418 castelli,
403 3349 473 3405 unde
492 3357 641 3406 nocturnae
657 3351 843 3424 pabulationes
863 3351 890 3407 in
906 3351 1009 3407 vicinos
1029 3368 1112 3425 agros
1132 3355 1292 3408 commissae

150 3444 315 3514 probentur,
334 3444 440 3499 uerbis:
466 3444 526 3514 „Vl
543 3446 659 3502 swellrer
679 3448 750 3518 burg
771 3464 830 3502 man
850 3447 942 3503 nalntes
963 3432 1083 3503 litteret.
1105 3444 1145 3502 da
1164 3447 1209 3502 ist
1232 3447 1292 3503 der
1335 3518 1337 3522 ἲ

149 3537 758 3611 111111111111111111111111111111
779 3541 913 3613 pluunt.”
945 3542 1005 3598 dam
1019 3541 1109 3614 palam
1128 3548 1177 3613 est,
1197 3558 1233 3598 ne
1256 3541 1291 3597 ad
1326 3560 1329 3567 ·

151 3632 302 3705 exemplum
328 3649 360 3688 ea
384 3633 551 3690 consuetudo
577 3634 746 3706 traheretur,
773 3637 879 3693 cauisse
899 3632 1080 3709 interpretum
1103 3636 1239 3709 aliquem,
1264 3636 1291 3691 in

149 3723 305 3782 universum
330 3725 364 3782 de
389 3727 477 3784 libere
504 3729 685 3787 tamulantium
713 3732 819 3787 delictis
848 3743 906 3788 non
927 3733 1015 3788 teneri
1043 3746 1189 3804 operarum
1217 3747 1288 3787 con·

151 3819 286 3876 ductores.
1093 3820 1096 3825 ⁴
1220 3821 1223 3825 ’

226 3914 352 3971 Articulo
377 3917 498 3973 saxonici
524 3919 587 3974 libri
614 3920 650 3975 te
679 3919 882 3991 (Gaertner,
908 3938 933 3993 p.
956 3922 1032 3990 240)
1060 3915 1184 3977 redditur
1210 3921 1289 3992 hujus

149 4008 204 4065 loci
225 4015 409 4080 argumentum
430 4014 534 4069 verbis:
560 4015 692 4084 „Nemant
712 4032 745 4071 ne
765 4015 788 4069 is
808 4032 858 4071 vor
879 4016 953 4072 sinen
979 4015 1079 4071 knecht
1099 4013 1236 4090 pilichtig
1255 4032 1288 4070 au

149 4098 325 4163 antwordene
339 4108 440 4163 sorbas
455 4108 509 4164 alae
524 4109 564 4164 sin
577 4109 622 4164 lon
636 4116 759 4180 geweret
769 4107 832 4179 -”,
852 4111 899 4166 sed
912 4112 1019 4167 turbato
1033 4112 1153 4181 genuino
1168 4110 1287 4184 exempli

150 4197 245 4254 ordine
259 4209 314 4272 quo
329 4202 410 4275 capiti
424 4202 480 4258 208
498 4204 665 4259 connectitur
681 4206 820 4277 proposita
837 4205 973 4277 quaestio,
996 4207 1102 4264 inuersa
1122 4207 1238 4277 scilicet,
1259 4211 1285 4261 ut

148 4294 341 4366 1111111122
352 4296 378 4352 11
388 4299 572 4369 1111)111111,
584 4305 698 4372 apparet
708 4300 792 4356 series
803 4301 924 4356 beterici
935 4301 998 4356 libri
1009 4299 1191 4375 cepltomlfld
1201 4317 1283 4373 usque

147 4386 184 4445 ed
196 4386 252 4445 aot
267 4396 295 4445 et
310 4390 365 4447 rao
380 4408 465 4467 usque
480 4393 515 4454 ad
528 4393 583 4450 185
600 4394 627 4452 in
642 4395 764 4454 saxonici
777 4395 841 4454 libri
855 4395 976 4453 articulis
989 4389 1105 4454 'te-es
1119 4395 1281 4454 1105-10.
