<?xml version="1.0" encoding="UTF-8"?>
<!DOCTYPE html PUBLIC "-//W3C//DTD XHTML 1.0 Transitional//EN"
    "http://www.w3.org/TR/xhtml1/DTD/xhtml1-transitional.dtd">
<html xmlns="http://www.w3.org/1999/xhtml" xml:lang="en" lang="en">
 <head>
  <title>
</title>
<meta http-equiv="Content-Type" content="text/html;charset=utf-8" />
  <meta name='ocr-system' content='tesseract 3.04.00' />
  <meta name='ocr-capabilities' content='ocr_page ocr_carea ocr_par ocr_line ocrx_word'/>
</head>
<body>
  <div class='ocr_page' id='page_1' title='image "./desaxonicispecu00danigoog_0015.png"; bbox 0 0 2722 4898; ppageno 0'>
   <div class='ocr_carea' id='block_1_1' title="bbox 637 355 839 418">
    <p class='ocr_par' dir='ltr' id='par_1_1' title="bbox 637 355 839 418">
     <span class='ocr_line' id='line_1_1' title="bbox 637 355 839 418; baseline 0 -11"><span class='ocrx_word' id='word_1_1' title='bbox 637 355 839 418; x_wconf 85' lang='grc'>..6-</span> 
     </span>
    </p>
   </div>
   <div class='ocr_carea' id='block_1_2' title="bbox 165 526 1313 4012">
    <p class='ocr_par' dir='ltr' id='par_1_2' title="bbox 172 526 1311 2054">
     <span class='ocr_line' id='line_1_2' title="bbox 184 526 1307 614; baseline -0.009 -16"><span class='ocrx_word' id='word_1_2' title='bbox 184 552 188 557; x_wconf 89' lang='lat'>·</span> <span class='ocrx_word' id='word_1_3' title='bbox 260 533 430 599; x_wconf 84' lang='lat' dir='ltr'>Communis</span> <span class='ocrx_word' id='word_1_4' title='bbox 453 533 552 614; x_wconf 88' lang='lat' dir='ltr'>opinio</span> <span class='ocrx_word' id='word_1_5' title='bbox 572 540 639 594; x_wconf 90' lang='lat' dir='ltr'>cum</span> <span class='ocrx_word' id='word_1_6' title='bbox 662 529 727 592; x_wconf 92' lang='lat' dir='ltr'>aliis</span> <span class='ocrx_word' id='word_1_7' title='bbox 746 530 784 591; x_wconf 89' lang='lat' dir='ltr'>do</span> <span class='ocrx_word' id='word_1_8' title='bbox 807 527 907 592; x_wconf 90' lang='lat' dir='ltr'>causis</span> <span class='ocrx_word' id='word_1_9' title='bbox 925 535 986 590; x_wconf 93' lang='lat' dir='ltr'>tum</span> <span class='ocrx_word' id='word_1_10' title='bbox 1008 527 1138 590; x_wconf 85' lang='lat' dir='ltr'>maxime</span> <span class='ocrx_word' id='word_1_11' title='bbox 1162 526 1307 588; x_wconf 82' lang='lat' dir='ltr'><strong>carminis</strong></span> 
     </span>
     <span class='ocr_line' id='line_1_3' title="bbox 172 630 1307 721; baseline -0.01 -20"><span class='ocrx_word' id='word_1_12' title='bbox 172 639 260 721; x_wconf 88' lang='lat' dir='ltr'>hujus</span> <span class='ocrx_word' id='word_1_13' title='bbox 290 638 378 699; x_wconf 86' lang='lat' dir='ltr'>fidem</span> <span class='ocrx_word' id='word_1_14' title='bbox 408 644 513 698; x_wconf 88' lang='lat' dir='ltr'>secuta</span> <span class='ocrx_word' id='word_1_15' title='bbox 542 634 645 696; x_wconf 90' lang='lat' dir='ltr'>statuit</span> <span class='ocrx_word' id='word_1_16' title='bbox 677 633 954 712; x_wconf 49' lang='lat' dir='ltr'>libri‘scriptorem</span> <span class='ocrx_word' id='word_1_17' title='bbox 989 630 1083 693; x_wconf 86' lang='lat' dir='ltr'>luisse</span> <span class='ocrx_word' id='word_1_18' title='bbox 1114 630 1307 708; x_wconf 90' lang='lat' dir='ltr'>anhaltinum,</span> 
     </span>
     <span class='ocr_line' id='line_1_4' title="bbox 172 733 1307 821; baseline -0.009 -16"><span class='ocrx_word' id='word_1_19' title='bbox 172 742 492 821; x_wconf 83' lang='lat' dir='ltr'>brandenburgensem</span> <span class='ocrx_word' id='word_1_20' title='bbox 517 744 567 800; x_wconf 90' lang='lat' dir='ltr'>aut</span> <span class='ocrx_word' id='word_1_21' title='bbox 590 742 673 799; x_wconf 91' lang='lat' dir='ltr'>certe</span> <span class='ocrx_word' id='word_1_22' title='bbox 696 737 873 800; x_wconf 83' lang='lat' dir='ltr'>saxonicum</span> <span class='ocrx_word' id='word_1_23' title='bbox 897 735 1048 814; x_wconf 82' lang='lat' dir='ltr'>quendam</span> <span class='ocrx_word' id='word_1_24' title='bbox 1071 735 1203 813; x_wconf 88' lang='lat' dir='ltr'>equitem</span> <span class='ocrx_word' id='word_1_25' title='bbox 1224 733 1307 795; x_wconf 84' lang='lat' dir='ltr'>lloco</span> 
     </span>
     <span class='ocr_line' id='line_1_5' title="bbox 174 838 1308 925; baseline -0.01 -17"><span class='ocrx_word' id='word_1_26' title='bbox 174 845 212 908; x_wconf 91' lang='lat' dir='ltr'>de</span> <span class='ocrx_word' id='word_1_27' title='bbox 237 843 421 925; x_wconf 88' lang='lat' dir='ltr'>Repeebove</span> <span class='ocrx_word' id='word_1_28' title='bbox 448 842 646 918; x_wconf 90' lang='lat' dir='ltr'>nominatum,</span> <span class='ocrx_word' id='word_1_29' title='bbox 680 840 730 919; x_wconf 88' lang='lat' dir='ltr'>qui</span> <span class='ocrx_word' id='word_1_30' title='bbox 762 846 853 920; x_wconf 92' lang='lat' dir='ltr'>prout</span> <span class='ocrx_word' id='word_1_31' title='bbox 881 838 1071 900; x_wconf 68' lang='lat' dir='ltr'>militantibus</span> <span class='ocrx_word' id='word_1_32' title='bbox 1099 856 1137 899; x_wconf 90' lang='lat' dir='ltr'>eo</span> <span class='ocrx_word' id='word_1_33' title='bbox 1171 844 1308 918; x_wconf 88' lang='lat' dir='ltr'>tempore</span> 
     </span>
     <span class='ocr_line' id='line_1_6' title="bbox 172 939 1309 1024; baseline -0.011 -13"><span class='ocrx_word' id='word_1_34' title='bbox 172 948 265 1011; x_wconf 86' lang='lat' dir='ltr'>moris</span> <span class='ocrx_word' id='word_1_35' title='bbox 288 954 364 1024; x_wconf 88' lang='lat' dir='ltr'>erat,</span> <span class='ocrx_word' id='word_1_36' title='bbox 386 945 417 1005; x_wconf 93' lang='lat' dir='ltr'>in</span> <span class='ocrx_word' id='word_1_37' title='bbox 440 943 640 1006; x_wconf 87' lang='lat' dir='ltr'>conventibus</span> <span class='ocrx_word' id='word_1_38' title='bbox 659 942 721 1022; x_wconf 90' lang='lat' dir='ltr'>juri</span> <span class='ocrx_word' id='word_1_39' title='bbox 745 941 875 1004; x_wconf 90' lang='lat' dir='ltr'>dicundo</span> <span class='ocrx_word' id='word_1_40' title='bbox 895 947 982 1004; x_wconf 86' lang='lat' dir='ltr'>extra</span> <span class='ocrx_word' id='word_1_41' title='bbox 1002 941 1138 1005; x_wconf 90' lang='lat' dir='ltr'>civitates</span> <span class='ocrx_word' id='word_1_42' title='bbox 1157 939 1309 1002; x_wconf 87' lang='lat' dir='ltr'>celebrari</span> 
     </span>
     <span class='ocr_line' id='line_1_7' title="bbox 173 1044 1310 1128; baseline -0.008 -15"><span class='ocrx_word' id='word_1_43' title='bbox 173 1050 283 1127; x_wconf 91' lang='lat' dir='ltr'>solitis,</span> <span class='ocrx_word' id='word_1_44' title='bbox 311 1047 479 1110; x_wconf 82' lang='lat' dir='ltr'>assessoris</span> <span class='ocrx_word' id='word_1_45' title='bbox 505 1063 629 1107; x_wconf 85' lang='lat' dir='ltr'>rnunerc</span> <span class='ocrx_word' id='word_1_46' title='bbox 659 1045 788 1128; x_wconf 82' lang='lat' dir='ltr'>fungens</span> <span class='ocrx_word' id='word_1_47' title='bbox 812 1052 842 1106; x_wconf 88' lang='lat' dir='ltr'>et</span> <span class='ocrx_word' id='word_1_48' title='bbox 872 1045 961 1125; x_wconf 90' lang='lat' dir='ltr'>patrii</span> <span class='ocrx_word' id='word_1_49' title='bbox 985 1045 1061 1125; x_wconf 87' lang='lat' dir='ltr'>juris</span> <span class='ocrx_word' id='word_1_50' title='bbox 1092 1044 1199 1124; x_wconf 86' lang='lat' dir='ltr'>peritia</span> <span class='ocrx_word' id='word_1_51' title='bbox 1229 1044 1310 1105; x_wconf 90' lang='lat' dir='ltr'>inter</span> 
     </span>
     <span class='ocr_line' id='line_1_8' title="bbox 174 1147 1308 1230; baseline -0.009 -13"><span class='ocrx_word' id='word_1_52' title='bbox 174 1170 246 1217; x_wconf 88' lang='lat' dir='ltr'>suos</span> <span class='ocrx_word' id='word_1_53' title='bbox 270 1151 388 1228; x_wconf 91' lang='lat' dir='ltr'>clarus,</span> <span class='ocrx_word' id='word_1_54' title='bbox 411 1149 553 1228; x_wconf 87' lang='lat' dir='ltr'>precibus</span> <span class='ocrx_word' id='word_1_55' title='bbox 571 1148 685 1230; x_wconf 86' lang='lat' dir='ltr'>Hogeri</span> <span class='ocrx_word' id='word_1_56' title='bbox 709 1148 880 1228; x_wconf 87' lang='lat' dir='ltr'>cujusdam,</span> <span class='ocrx_word' id='word_1_57' title='bbox 905 1147 1021 1209; x_wconf 91' lang='lat' dir='ltr'>comitis</span> <span class='ocrx_word' id='word_1_58' title='bbox 1048 1147 1086 1208; x_wconf 91' lang='lat' dir='ltr'>de</span> <span class='ocrx_word' id='word_1_59' title='bbox 1105 1147 1308 1224; x_wconf 86' lang='lat' dir='ltr'>Falkenstein,</span> 
     </span>
     <span class='ocr_line' id='line_1_9' title="bbox 172 1251 1309 1330; baseline -0.004 -14"><span class='ocrx_word' id='word_1_60' title='bbox 172 1255 243 1316; x_wconf 92' lang='lat' dir='ltr'>licet</span> <span class='ocrx_word' id='word_1_61' title='bbox 266 1253 304 1316; x_wconf 96' lang='lat' dir='ltr'>ob</span> <span class='ocrx_word' id='word_1_62' title='bbox 328 1252 373 1314; x_wconf 88' lang='lat' dir='ltr'>rei</span> <span class='ocrx_word' id='word_1_63' title='bbox 396 1252 557 1314; x_wconf 89' lang='lat' dir='ltr'>novitatem</span> <span class='ocrx_word' id='word_1_64' title='bbox 581 1252 754 1330; x_wconf 81' lang='lat' dir='ltr'>aliquandiu</span> <span class='ocrx_word' id='word_1_65' title='bbox 776 1251 945 1328; x_wconf 74' lang='lat' dir='ltr'>haesitans,</span> <span class='ocrx_word' id='word_1_66' title='bbox 968 1266 1083 1312; x_wconf 88' lang='lat' dir='ltr'>morem</span> <span class='ocrx_word' id='word_1_67' title='bbox 1106 1258 1205 1311; x_wconf 90' lang='lat' dir='ltr'>tamen</span> <span class='ocrx_word' id='word_1_68' title='bbox 1230 1267 1309 1330; x_wconf 89' lang='lat' dir='ltr'>ges-</span> 
     </span>
     <span class='ocr_line' id='line_1_10' title="bbox 174 1353 1309 1436; baseline -0.004 -16"><span class='ocrx_word' id='word_1_69' title='bbox 174 1356 251 1421; x_wconf 89' lang='lat' dir='ltr'>sisse</span> <span class='ocrx_word' id='word_1_70' title='bbox 274 1355 392 1432; x_wconf 88' lang='lat' dir='ltr'>dicitur,</span> <span class='ocrx_word' id='word_1_71' title='bbox 417 1361 466 1416; x_wconf 89' lang='lat' dir='ltr'>aut</span> <span class='ocrx_word' id='word_1_72' title='bbox 488 1355 595 1416; x_wconf 93' lang='lat' dir='ltr'>librum</span> <span class='ocrx_word' id='word_1_73' title='bbox 616 1355 708 1416; x_wconf 89' lang='lat' dir='ltr'>latine</span> <span class='ocrx_word' id='word_1_74' title='bbox 731 1355 815 1434; x_wconf 90' lang='lat' dir='ltr'>prius</span> <span class='ocrx_word' id='word_1_75' title='bbox 833 1372 850 1415; x_wconf 90' lang='lat' dir='ltr'>a</span> <span class='ocrx_word' id='word_1_76' title='bbox 868 1354 987 1432; x_wconf 87' lang='lat' dir='ltr'>seipso</span> <span class='ocrx_word' id='word_1_77' title='bbox 1010 1353 1156 1434; x_wconf 90' lang='lat' dir='ltr'>scriptum</span> <span class='ocrx_word' id='word_1_78' title='bbox 1178 1355 1207 1415; x_wconf 92' lang='lat' dir='ltr'>in</span> <span class='ocrx_word' id='word_1_79' title='bbox 1232 1372 1309 1436; x_wconf 90' lang='lat' dir='ltr'>ger-</span> 
     </span>
     <span class='ocr_line' id='line_1_11' title="bbox 173 1454 1310 1536; baseline -0.003 -16"><span class='ocrx_word' id='word_1_80' title='bbox 173 1458 321 1521; x_wconf 88' lang='lat' dir='ltr'>manicum</span> <span class='ocrx_word' id='word_1_81' title='bbox 351 1458 459 1520; x_wconf 86' lang='lat' dir='ltr'>idioma</span> <span class='ocrx_word' id='word_1_82' title='bbox 488 1465 611 1520; x_wconf 84' lang='lat' dir='ltr'>vertere</span> <span class='ocrx_word' id='word_1_83' title='bbox 641 1475 749 1535; x_wconf 89' lang='lat' dir='ltr'>ausus,</span> <span class='ocrx_word' id='word_1_84' title='bbox 779 1464 830 1519; x_wconf 92' lang='lat' dir='ltr'>aut</span> <span class='ocrx_word' id='word_1_85' title='bbox 859 1457 941 1535; x_wconf 88' lang='lat' dir='ltr'>quod</span> <span class='ocrx_word' id='word_1_86' title='bbox 970 1454 1034 1533; x_wconf 89' lang='lat' dir='ltr'>alii,</span> <span class='ocrx_word' id='word_1_87' title='bbox 1060 1455 1139 1536; x_wconf 92' lang='lat' dir='ltr'>juris</span> <span class='ocrx_word' id='word_1_88' title='bbox 1169 1458 1310 1519; x_wconf 89' lang='lat' dir='ltr'>saxonici</span> 
     </span>
     <span class='ocr_line' id='line_1_12' title="bbox 173 1559 1310 1641; baseline -0.003 -17"><span class='ocrx_word' id='word_1_89' title='bbox 173 1561 362 1641; x_wconf 88' lang='lat' dir='ltr'>municipalis</span> <span class='ocrx_word' id='word_1_90' title='bbox 401 1562 599 1640; x_wconf 89' lang='lat' dir='ltr'>interpretem</span> <span class='ocrx_word' id='word_1_91' title='bbox 636 1560 733 1623; x_wconf 90' lang='lat' dir='ltr'>secuti</span> <span class='ocrx_word' id='word_1_92' title='bbox 770 1560 898 1638; x_wconf 89' lang='lat' dir='ltr'>malunt,</span> <span class='ocrx_word' id='word_1_93' title='bbox 936 1559 1120 1621; x_wconf 87' lang='lat' dir='ltr'>inveteratas</span> <span class='ocrx_word' id='word_1_94' title='bbox 1155 1559 1310 1622; x_wconf 88' lang='lat' dir='ltr'>Saxoniac</span> 
     </span>
     <span class='ocr_line' id='line_1_13' title="bbox 175 1662 1311 1742; baseline -0.004 -16"><span class='ocrx_word' id='word_1_95' title='bbox 175 1664 411 1727; x_wconf 86' lang='lat' dir='ltr'>consuetudines</span> <span class='ocrx_word' id='word_1_96' title='bbox 434 1663 531 1726; x_wconf 90' lang='lat' dir='ltr'>literis</span> <span class='ocrx_word' id='word_1_97' title='bbox 554 1663 716 1740; x_wconf 81' lang='lat' dir='ltr'>mandans,</span> <span class='ocrx_word' id='word_1_98' title='bbox 744 1662 841 1742; x_wconf 89' lang='lat' dir='ltr'>patrio</span> <span class='ocrx_word' id='word_1_99' title='bbox 866 1663 986 1742; x_wconf 88' lang='lat' dir='ltr'>quidem</span> <span class='ocrx_word' id='word_1_100' title='bbox 1015 1680 1172 1741; x_wconf 77' lang='lat' dir='ltr'>sermone,</span> <span class='ocrx_word' id='word_1_101' title='bbox 1201 1663 1311 1726; x_wconf 91' lang='lat' dir='ltr'>sedin</span> 
     </span>
     <span class='ocr_line' id='line_1_14' title="bbox 174 1764 1310 1848; baseline -0.005 -19"><span class='ocrx_word' id='word_1_102' title='bbox 174 1767 338 1831; x_wconf 92' lang='lat' dir='ltr'>subsidium</span> <span class='ocrx_word' id='word_1_103' title='bbox 368 1766 505 1830; x_wconf 89' lang='lat' dir='ltr'>adhibitis</span> <span class='ocrx_word' id='word_1_104' title='bbox 540 1774 600 1831; x_wconf 91' lang='lat' dir='ltr'>tam</span> <span class='ocrx_word' id='word_1_105' title='bbox 632 1767 754 1846; x_wconf 89' lang='lat' dir='ltr'>antiqua</span> <span class='ocrx_word' id='word_1_106' title='bbox 784 1766 936 1829; x_wconf 84' lang='lat' dir='ltr'>Saxonum</span> <span class='ocrx_word' id='word_1_107' title='bbox 970 1766 1055 1848; x_wconf 87' lang='lat' dir='ltr'>lege,</span> <span class='ocrx_word' id='word_1_108' title='bbox 1090 1783 1189 1845; x_wconf 87' lang='lat' dir='ltr'>quam·</span> <span class='ocrx_word' id='word_1_109' title='bbox 1205 1764 1310 1826; x_wconf 86' lang='lat' dir='ltr'>Karoli</span> 
     </span>
     <span class='ocr_line' id='line_1_15' title="bbox 172 1866 1310 1954; baseline -0.005 -22"><span class='ocrx_word' id='word_1_110' title='bbox 172 1870 276 1954; x_wconf 85' lang='lat' dir='ltr'>magni</span> <span class='ocrx_word' id='word_1_111' title='bbox 309 1869 436 1951; x_wconf 89' lang='lat' dir='ltr'>ejusque</span> <span class='ocrx_word' id='word_1_112' title='bbox 470 1871 501 1933; x_wconf 92' lang='lat' dir='ltr'>in</span> <span class='ocrx_word' id='word_1_113' title='bbox 538 1889 635 1953; x_wconf 89' lang='lat' dir='ltr'>regno</span> <span class='ocrx_word' id='word_1_114' title='bbox 670 1887 884 1934; x_wconf 87' lang='lat' dir='ltr'>successorum</span> <span class='ocrx_word' id='word_1_115' title='bbox 919 1869 1182 1933; x_wconf 87' lang='lat' dir='ltr'>constitutionibus</span> <span class='ocrx_word' id='word_1_116' title='bbox 1215 1866 1310 1928; x_wconf 90' lang='lat' dir='ltr'>latine</span> 
     </span>
     <span class='ocr_line' id='line_1_16' title="bbox 175 1973 306 2054; baseline 0 -18"><span class='ocrx_word' id='word_1_117' title='bbox 175 1973 306 2054; x_wconf 88' lang='lat' dir='ltr'>scriptis.</span> 
     </span>
    </p>

    <p class='ocr_par' dir='ltr' id='par_1_3' title="bbox 172 2073 1313 3079">
     <span class='ocr_line' id='line_1_17' title="bbox 258 2073 1312 2158; baseline -0.003 -21"><span class='ocrx_word' id='word_1_118' title='bbox 258 2076 424 2158; x_wconf 83' lang='lat' dir='ltr'>Praecipua</span> <span class='ocrx_word' id='word_1_119' title='bbox 439 2076 509 2139; x_wconf 92' lang='lat' dir='ltr'>huic</span> <span class='ocrx_word' id='word_1_120' title='bbox 525 2076 602 2138; x_wconf 89' lang='lat' dir='ltr'>libro</span> <span class='ocrx_word' id='word_1_121' title='bbox 622 2094 695 2155; x_wconf 90' lang='lat' dir='ltr'>prae</span> <span class='ocrx_word' id='word_1_122' title='bbox 714 2077 791 2158; x_wconf 91' lang='lat' dir='ltr'>juris</span> <span class='ocrx_word' id='word_1_123' title='bbox 814 2077 981 2140; x_wconf 90' lang='lat' dir='ltr'>communis</span> <span class='ocrx_word' id='word_1_124' title='bbox 998 2076 1074 2138; x_wconf 88' lang='lat' dir='ltr'>libro</span> <span class='ocrx_word' id='word_1_125' title='bbox 1092 2082 1153 2137; x_wconf 91' lang='lat' dir='ltr'>tam</span> <span class='ocrx_word' id='word_1_126' title='bbox 1177 2073 1312 2152; x_wconf 88' lang='lat' dir='ltr'>antiqui-</span> 
     </span>
     <span class='ocr_line' id='line_1_18' title="bbox 173 2175 1311 2262; baseline -0.004 -21"><span class='ocrx_word' id='word_1_127' title='bbox 173 2181 242 2242; x_wconf 87' lang='lat' dir='ltr'>tatis</span> <span class='ocrx_word' id='word_1_128' title='bbox 263 2196 352 2257; x_wconf 88' lang='lat' dir='ltr'>quam</span> <span class='ocrx_word' id='word_1_129' title='bbox 373 2179 555 2262; x_wconf 79' lang='lat' dir='ltr'>integritatis</span> <span class='ocrx_word' id='word_1_130' title='bbox 578 2180 743 2241; x_wconf 88' lang='lat' dir='ltr'>auctoritas</span> <span class='ocrx_word' id='word_1_131' title='bbox 763 2179 897 2241; x_wconf 90' lang='lat' dir='ltr'>unanimi</span> <span class='ocrx_word' id='word_1_132' title='bbox 918 2178 983 2240; x_wconf 89' lang='lat' dir='ltr'>lere</span> <span class='ocrx_word' id='word_1_133' title='bbox 1001 2178 1137 2241; x_wconf 89' lang='lat' dir='ltr'>virorum</span> <span class='ocrx_word' id='word_1_134' title='bbox 1153 2175 1311 2240; x_wconf 88' lang='lat' dir='ltr'>doctorum</span> 
     </span>
     <span class='ocr_line' id='line_1_19' title="bbox 174 2279 1312 2360; baseline -0.001 -18"><span class='ocrx_word' id='word_1_135' title='bbox 174 2299 327 2345; x_wconf 91' lang='lat' dir='ltr'>consensu</span> <span class='ocrx_word' id='word_1_136' title='bbox 350 2280 494 2344; x_wconf 85' lang='lat' dir='ltr'>defertur.</span> <span class='ocrx_word' id='word_1_137' title='bbox 539 2282 666 2343; x_wconf 90' lang='lat' dir='ltr'>Primum</span> <span class='ocrx_word' id='word_1_138' title='bbox 693 2282 787 2359; x_wconf 89' lang='lat' dir='ltr'>enim,</span> <span class='ocrx_word' id='word_1_139' title='bbox 816 2281 888 2343; x_wconf 88' lang='lat' dir='ltr'>licet</span> <span class='ocrx_word' id='word_1_140' title='bbox 910 2281 949 2342; x_wconf 89' lang='lat' dir='ltr'>de</span> <span class='ocrx_word' id='word_1_141' title='bbox 979 2279 1138 2343; x_wconf 91' lang='lat' dir='ltr'>statuendo</span> <span class='ocrx_word' id='word_1_142' title='bbox 1166 2280 1312 2360; x_wconf 82' lang='lat' dir='ltr'>scriptio-</span> 
     </span>
     <span class='ocr_line' id='line_1_20' title="bbox 173 2382 1311 2468; baseline -0.002 -24"><span class='ocrx_word' id='word_1_143' title='bbox 173 2382 220 2447; x_wconf 89' lang='lat' dir='ltr'>nis</span> <span class='ocrx_word' id='word_1_144' title='bbox 242 2391 378 2466; x_wconf 89' lang='lat' dir='ltr'>tempore</span> <span class='ocrx_word' id='word_1_145' title='bbox 402 2402 512 2468; x_wconf 88' lang='lat' dir='ltr'>magna</span> <span class='ocrx_word' id='word_1_146' title='bbox 542 2384 714 2464; x_wconf 82' lang='lat' dir='ltr'>opinionum</span> <span class='ocrx_word' id='word_1_147' title='bbox 743 2384 906 2446; x_wconf 89' lang='lat' dir='ltr'>diversitas</span> <span class='ocrx_word' id='word_1_148' title='bbox 928 2382 1078 2462; x_wconf 88' lang='lat' dir='ltr'>obtineat,</span> <span class='ocrx_word' id='word_1_149' title='bbox 1109 2384 1146 2445; x_wconf 93' lang='lat' dir='ltr'>ab</span> <span class='ocrx_word' id='word_1_150' title='bbox 1170 2382 1311 2445; x_wconf 91' lang='lat' dir='ltr'>omnibus</span> 
     </span>
     <span class='ocr_line' id='line_1_21' title="bbox 172 2486 1311 2567; baseline -0.002 -20"><span class='ocrx_word' id='word_1_151' title='bbox 172 2493 272 2548; x_wconf 89' lang='lat' dir='ltr'>tamen</span> <span class='ocrx_word' id='word_1_152' title='bbox 296 2487 474 2549; x_wconf 84' lang='lat' dir='ltr'>conceditur</span> <span class='ocrx_word' id='word_1_153' title='bbox 496 2505 556 2550; x_wconf 92' lang='lat' dir='ltr'>non</span> <span class='ocrx_word' id='word_1_154' title='bbox 579 2504 672 2567; x_wconf 91' lang='lat' dir='ltr'>posse</span> <span class='ocrx_word' id='word_1_155' title='bbox 696 2486 767 2566; x_wconf 85' lang='lat' dir='ltr'>quin</span> <span class='ocrx_word' id='word_1_156' title='bbox 791 2487 919 2566; x_wconf 88' lang='lat' dir='ltr'>scriptus</span> <span class='ocrx_word' id='word_1_157' title='bbox 943 2487 980 2549; x_wconf 90' lang='lat' dir='ltr'>sit</span> <span class='ocrx_word' id='word_1_158' title='bbox 1002 2487 1080 2549; x_wconf 90' lang='lat' dir='ltr'>liber</span> <span class='ocrx_word' id='word_1_159' title='bbox 1104 2493 1173 2547; x_wconf 90' lang='lat' dir='ltr'>ante</span> <span class='ocrx_word' id='word_1_160' title='bbox 1201 2502 1311 2546; x_wconf 90' lang='lat' dir='ltr'>annum</span> 
     </span>
     <span class='ocr_line' id='line_1_22' title="bbox 173 2586 1313 2669; baseline -0.003 -19"><span class='ocrx_word' id='word_1_161' title='bbox 173 2587 388 2667; x_wconf 77' lang='lat' dir='ltr'>dccxxxiv,</span> <span class='ocrx_word' id='word_1_162' title='bbox 413 2607 473 2669; x_wconf 88' lang='lat' dir='ltr'>quo</span> <span class='ocrx_word' id='word_1_163' title='bbox 496 2590 527 2651; x_wconf 93' lang='lat' dir='ltr'>in</span> <span class='ocrx_word' id='word_1_164' title='bbox 548 2590 788 2653; x_wconf 89' lang='lat' dir='ltr'>brunsvicenses</span> <span class='ocrx_word' id='word_1_165' title='bbox 810 2591 915 2668; x_wconf 86' lang='lat' dir='ltr'>duces,</span> <span class='ocrx_word' id='word_1_166' title='bbox 937 2589 1006 2652; x_wconf 91' lang='lat' dir='ltr'>libri</span> <span class='ocrx_word' id='word_1_167' title='bbox 1024 2589 1062 2650; x_wconf 96' lang='lat' dir='ltr'>lll</span> <span class='ocrx_word' id='word_1_168' title='bbox 1084 2588 1210 2651; x_wconf 83' lang='lat' dir='ltr'>articudo</span> <span class='ocrx_word' id='word_1_169' title='bbox 1232 2586 1313 2648; x_wconf 88' lang='lat' dir='ltr'>LXII</span> 
     </span>
     <span class='ocr_line' id='line_1_23' title="bbox 173 2689 1311 2775; baseline -0.002 -23"><span class='ocrx_word' id='word_1_170' title='bbox 173 2689 253 2753; x_wconf 88' lang='lat' dir='ltr'>inter</span> <span class='ocrx_word' id='word_1_171' title='bbox 276 2694 439 2756; x_wconf 87' lang='lat' dir='ltr'>saxonicos</span> <span class='ocrx_word' id='word_1_172' title='bbox 457 2693 575 2775; x_wconf 91' lang='lat' dir='ltr'>imperii</span> <span class='ocrx_word' id='word_1_173' title='bbox 594 2693 748 2774; x_wconf 82' lang='lat' dir='ltr'>principes</span> <span class='ocrx_word' id='word_1_174' title='bbox 771 2693 904 2756; x_wconf 90' lang='lat' dir='ltr'>nondum</span> <span class='ocrx_word' id='word_1_175' title='bbox 928 2693 1052 2771; x_wconf 90' lang='lat' dir='ltr'>relatos,</span> <span class='ocrx_word' id='word_1_176' title='bbox 1076 2692 1193 2773; x_wconf 91' lang='lat' dir='ltr'>imperii</span> <span class='ocrx_word' id='word_1_177' title='bbox 1209 2690 1311 2754; x_wconf 84' lang='lat' dir='ltr'>uexil-</span> 
     </span>
     <span class='ocr_line' id='line_1_24' title="bbox 173 2793 1311 2878; baseline -0.003 -21"><span class='ocrx_word' id='word_1_178' title='bbox 173 2794 235 2861; x_wconf 87' lang='lat' dir='ltr'>lum</span> <span class='ocrx_word' id='word_1_179' title='bbox 256 2796 385 2877; x_wconf 87' lang='lat' dir='ltr'>primum</span> <span class='ocrx_word' id='word_1_180' title='bbox 408 2796 548 2859; x_wconf 89' lang='lat' dir='ltr'>collatum</span> <span class='ocrx_word' id='word_1_181' title='bbox 571 2797 626 2875; x_wconf 89' lang='lat' dir='ltr'>sit,</span> <span class='ocrx_word' id='word_1_182' title='bbox 655 2797 798 2876; x_wconf 87' lang='lat' dir='ltr'>quodque</span> <span class='ocrx_word' id='word_1_183' title='bbox 820 2796 961 2878; x_wconf 88' lang='lat' dir='ltr'>Hogerus</span> <span class='ocrx_word' id='word_1_184' title='bbox 989 2814 1092 2860; x_wconf 92' lang='lat' dir='ltr'>comes</span> <span class='ocrx_word' id='word_1_185' title='bbox 1117 2795 1154 2858; x_wconf 86' lang='lat' dir='ltr'>de</span> <span class='ocrx_word' id='word_1_186' title='bbox 1177 2793 1311 2856; x_wconf 84' lang='lat' dir='ltr'>Falken-</span> 
     </span>
     <span class='ocr_line' id='line_1_25' title="bbox 174 2896 1311 2982; baseline -0.004 -22"><span class='ocrx_word' id='word_1_187' title='bbox 174 2899 252 2960; x_wconf 89' lang='lat' dir='ltr'>stein</span> <span class='ocrx_word' id='word_1_188' title='bbox 272 2906 303 2960; x_wconf 91' lang='lat' dir='ltr'>et</span> <span class='ocrx_word' id='word_1_189' title='bbox 318 2898 400 2963; x_wconf 86' lang='lat' dir='ltr'>Ecca</span> <span class='ocrx_word' id='word_1_190' title='bbox 420 2899 458 2962; x_wconf 87' lang='lat' dir='ltr'>da</span> <span class='ocrx_word' id='word_1_191' title='bbox 473 2899 638 2980; x_wconf 86' lang='lat' dir='ltr'>Repehove</span> <span class='ocrx_word' id='word_1_192' title='bbox 662 2918 699 2961; x_wconf 87' lang='lat' dir='ltr'>aa</span> <span class='ocrx_word' id='word_1_193' title='bbox 717 2901 854 2964; x_wconf 85' lang='lat' dir='ltr'>viventes</span> <span class='ocrx_word' id='word_1_194' title='bbox 876 2900 1031 2982; x_wconf 84' lang='lat' dir='ltr'>attigerint</span> <span class='ocrx_word' id='word_1_195' title='bbox 1048 2899 1154 2961; x_wconf 89' lang='lat' dir='ltr'>merito</span> <span class='ocrx_word' id='word_1_196' title='bbox 1173 2896 1311 2960; x_wconf 89' lang='lat' dir='ltr'>dubitare</span> 
     </span>
     <span class='ocr_line' id='line_1_26' title="bbox 174 2999 1141 3079; baseline -0.001 -17"><span class='ocrx_word' id='word_1_197' title='bbox 174 2999 275 3064; x_wconf 87' lang='lat' dir='ltr'>liceat.</span> <span class='ocrx_word' id='word_1_198' title='bbox 1065 3074 1068 3079; x_wconf 11' lang='lat' dir='ltr'>g</span> <span class='ocrx_word' id='word_1_199' title='bbox 1139 3012 1141 3017; x_wconf 83' lang='grc'><strong>’</strong></span> 
     </span>
    </p>

    <p class='ocr_par' dir='ltr' id='par_1_4' title="bbox 165 3102 1311 3805">
     <span class='ocr_line' id='line_1_27' title="bbox 259 3102 1311 3185; baseline 0.004 -22"><span class='ocrx_word' id='word_1_200' title='bbox 259 3102 377 3165; x_wconf 88' lang='lat' dir='ltr'>Deinde</span> <span class='ocrx_word' id='word_1_201' title='bbox 406 3121 446 3166; x_wconf 86' lang='lat' dir='ltr'>ex</span> <span class='ocrx_word' id='word_1_202' title='bbox 470 3104 547 3185; x_wconf 90' lang='lat' dir='ltr'>juris</span> <span class='ocrx_word' id='word_1_203' title='bbox 577 3106 744 3167; x_wconf 88' lang='lat' dir='ltr'>communis</span> <span class='ocrx_word' id='word_1_204' title='bbox 777 3105 844 3167; x_wconf 90' lang='lat' dir='ltr'>libri</span> <span class='ocrx_word' id='word_1_205' title='bbox 877 3113 938 3167; x_wconf 90' lang='lat' dir='ltr'>tam</span> <span class='ocrx_word' id='word_1_206' title='bbox 972 3105 1067 3168; x_wconf 89' lang='lat' dir='ltr'>forma</span> <span class='ocrx_word' id='word_1_207' title='bbox 1098 3123 1188 3185; x_wconf 88' lang='lat' dir='ltr'>quam</span> <span class='ocrx_word' id='word_1_208' title='bbox 1216 3104 1311 3167; x_wconf 92' lang='lat' dir='ltr'>rebus</span> 
     </span>
     <span class='ocr_line' id='line_1_28' title="bbox 174 3204 1310 3288; baseline 0.002 -23"><span class='ocrx_word' id='word_1_209' title='bbox 174 3204 312 3284; x_wconf 83' lang='lat' dir='ltr'>insertur,</span> <span class='ocrx_word' id='word_1_210' title='bbox 336 3207 491 3269; x_wconf 90' lang='lat' dir='ltr'>suevicum</span> <span class='ocrx_word' id='word_1_211' title='bbox 514 3209 694 3288; x_wconf 88' lang='lat' dir='ltr'>scriptorem</span> <span class='ocrx_word' id='word_1_212' title='bbox 718 3210 896 3271; x_wconf 86' lang='lat' dir='ltr'>saxonicum</span> <span class='ocrx_word' id='word_1_213' title='bbox 918 3210 1026 3272; x_wconf 92' lang='lat' dir='ltr'>librum</span> <span class='ocrx_word' id='word_1_214' title='bbox 1051 3210 1080 3270; x_wconf 92' lang='lat' dir='ltr'>in</span> <span class='ocrx_word' id='word_1_215' title='bbox 1104 3207 1310 3270; x_wconf 89' lang='lat' dir='ltr'>meridionalis</span> 
     </span>
     <span class='ocr_line' id='line_1_29' title="bbox 176 3303 1310 3393; baseline 0.003 -25"><span class='ocrx_word' id='word_1_216' title='bbox 176 3303 366 3387; x_wconf 85' lang='lat' dir='ltr'>Germaniae,</span> <span class='ocrx_word' id='word_1_217' title='bbox 389 3307 588 3373; x_wconf 89' lang='lat' dir='ltr'>Alamanniae</span> <span class='ocrx_word' id='word_1_218' title='bbox 606 3313 797 3391; x_wconf 90' lang='lat' dir='ltr'>praesertim,</span> <span class='ocrx_word' id='word_1_219' title='bbox 816 3330 889 3375; x_wconf 94' lang='lat' dir='ltr'>usus</span> <span class='ocrx_word' id='word_1_220' title='bbox 914 3319 1017 3393; x_wconf 89' lang='lat' dir='ltr'>aptare</span> <span class='ocrx_word' id='word_1_221' title='bbox 1037 3319 1150 3374; x_wconf 89' lang='lat' dir='ltr'>tantum</span> <span class='ocrx_word' id='word_1_222' title='bbox 1165 3311 1310 3388; x_wconf 87' lang='lat' dir='ltr'>voluisse,</span> 
     </span>
     <span class='ocr_line' id='line_1_30' title="bbox 174 3413 1310 3497; baseline 0.003 -25"><span class='ocrx_word' id='word_1_223' title='bbox 174 3428 212 3473; x_wconf 91' lang='lat' dir='ltr'>ea</span> <span class='ocrx_word' id='word_1_224' title='bbox 234 3413 362 3476; x_wconf 87' lang='lat' dir='ltr'>veroin</span> <span class='ocrx_word' id='word_1_225' title='bbox 384 3431 419 3476; x_wconf 94' lang='lat' dir='ltr'>re</span> <span class='ocrx_word' id='word_1_226' title='bbox 448 3432 552 3494; x_wconf 92' lang='lat' dir='ltr'>parum</span> <span class='ocrx_word' id='word_1_227' title='bbox 582 3413 714 3476; x_wconf 83' lang='lat' dir='ltr'>feliciter</span> <span class='ocrx_word' id='word_1_228' title='bbox 740 3434 809 3477; x_wconf 90' lang='lat' dir='ltr'>eum</span> <span class='ocrx_word' id='word_1_229' title='bbox 833 3423 985 3479; x_wconf 90' lang='lat' dir='ltr'>versatum</span> <span class='ocrx_word' id='word_1_230' title='bbox 1009 3432 1095 3492; x_wconf 91' lang='lat' dir='ltr'>esse,</span> <span class='ocrx_word' id='word_1_231' title='bbox 1125 3413 1310 3497; x_wconf 89' lang='lat' dir='ltr'>argumentis</span> 
     </span>
     <span class='ocr_line' id='line_1_31' title="bbox 165 3515 1310 3601; baseline 0.002 -26"><span class='ocrx_word' id='word_1_232' title='bbox 165 3530 253 3592; x_wconf 72' lang='lat' dir='ltr'>¹quae</span> <span class='ocrx_word' id='word_1_233' title='bbox 276 3516 440 3579; x_wconf 83' lang='lat' dir='ltr'>saxonicus</span> <span class='ocrx_word' id='word_1_234' title='bbox 463 3515 542 3578; x_wconf 91' lang='lat' dir='ltr'>liber</span> <span class='ocrx_word' id='word_1_235' title='bbox 565 3517 706 3596; x_wconf 91' lang='lat' dir='ltr'>antiquae</span> <span class='ocrx_word' id='word_1_236' title='bbox 725 3519 919 3601; x_wconf 89' lang='lat' dir='ltr'>germanicae</span> <span class='ocrx_word' id='word_1_237' title='bbox 935 3518 1156 3581; x_wconf 88' lang='lat' dir='ltr'>cousuetudine</span> <span class='ocrx_word' id='word_1_238' title='bbox 1172 3535 1310 3581; x_wconf 90' lang='lat' dir='ltr'>consen-</span> 
     </span>
     <span class='ocr_line' id='line_1_32' title="bbox 172 3620 1310 3702; baseline 0.007 -27"><span class='ocrx_word' id='word_1_239' title='bbox 172 3620 263 3678; x_wconf 89' lang='lat' dir='ltr'>tanea</span> <span class='ocrx_word' id='word_1_240' title='bbox 283 3620 388 3698; x_wconf 87' lang='lat' dir='ltr'>paucis</span> <span class='ocrx_word' id='word_1_241' title='bbox 411 3636 543 3682; x_wconf 90' lang='lat' dir='ltr'>nervose</span> <span class='ocrx_word' id='word_1_242' title='bbox 566 3620 644 3682; x_wconf 89' lang='lat' dir='ltr'>dicta</span> <span class='ocrx_word' id='word_1_243' title='bbox 668 3621 777 3684; x_wconf 87' lang='lat' dir='ltr'>ollerat</span> <span class='ocrx_word' id='word_1_244' title='bbox 806 3622 912 3702; x_wconf 89' lang='lat' dir='ltr'>partim</span> <span class='ocrx_word' id='word_1_245' title='bbox 941 3620 1090 3702; x_wconf 87' lang='lat' dir='ltr'>prolixius</span> <span class='ocrx_word' id='word_1_246' title='bbox 1120 3621 1310 3701; x_wconf 76' lang='lat' dir='ltr'>expendenS,</span> 
     </span>
     <span class='ocr_line' id='line_1_33' title="bbox 173 3719 897 3805; baseline 0.011 -25"><span class='ocrx_word' id='word_1_247' title='bbox 173 3719 281 3798; x_wconf 91' lang='lat' dir='ltr'>partim</span> <span class='ocrx_word' id='word_1_248' title='bbox 304 3719 381 3783; x_wconf 85' lang='lat' dir='ltr'>falsa</span> <span class='ocrx_word' id='word_1_249' title='bbox 403 3723 485 3784; x_wconf 90' lang='lat' dir='ltr'>veris</span> <span class='ocrx_word' id='word_1_250' title='bbox 508 3723 665 3786; x_wconf 88' lang='lat' dir='ltr'>miscendo</span> <span class='ocrx_word' id='word_1_251' title='bbox 689 3730 897 3805; x_wconf 89' lang='lat' dir='ltr'>corrumpens.</span> 
     </span>
    </p>

    <p class='ocr_par' dir='ltr' id='par_1_5' title="bbox 172 3821 1310 4012">
     <span class='ocr_line' id='line_1_34' title="bbox 258 3821 1309 3913; baseline 0.006 -30"><span class='ocrx_word' id='word_1_252' title='bbox 258 3821 303 3884; x_wconf 89' lang='lat' dir='ltr'>Ne</span> <span class='ocrx_word' id='word_1_253' title='bbox 327 3824 476 3887; x_wconf 91' lang='lat' dir='ltr'>diluendis</span> <span class='ocrx_word' id='word_1_254' title='bbox 501 3824 649 3904; x_wconf 88' lang='lat' dir='ltr'>ejusmodi</span> <span class='ocrx_word' id='word_1_255' title='bbox 670 3827 827 3890; x_wconf 90' lang='lat' dir='ltr'>erroribus</span> <span class='ocrx_word' id='word_1_256' title='bbox 851 3827 951 3890; x_wconf 90' lang='lat' dir='ltr'>taedia</span> <span class='ocrx_word' id='word_1_257' title='bbox 976 3845 1073 3913; x_wconf 87' lang='lat' dir='ltr'>cogar</span> <span class='ocrx_word' id='word_1_258' title='bbox 1095 3846 1238 3906; x_wconf 87' lang='lat' dir='ltr'>movere,</span> <span class='ocrx_word' id='word_1_259' title='bbox 1268 3846 1309 3889; x_wconf 87' lang='lat' dir='ltr'>cn</span> 
     </span>
     <span class='ocr_line' id='line_1_35' title="bbox 172 3924 1310 4012; baseline 0.006 -26"><span class='ocrx_word' id='word_1_260' title='bbox 172 3924 278 4004; x_wconf 90' lang='lat' dir='ltr'>paucis</span> <span class='ocrx_word' id='word_1_261' title='bbox 306 3943 386 4004; x_wconf 88' lang='lat' dir='ltr'>quae</span> <span class='ocrx_word' id='word_1_262' title='bbox 413 3928 572 4009; x_wconf 90' lang='lat' dir='ltr'>perpensis</span> <span class='ocrx_word' id='word_1_263' title='bbox 602 3927 762 4012; x_wconf 86' lang='lat' dir='ltr'>diligenter</span> <span class='ocrx_word' id='word_1_264' title='bbox 785 3937 844 3992; x_wconf 91' lang='lat' dir='ltr'>tam</span> <span class='ocrx_word' id='word_1_265' title='bbox 867 3933 1084 3995; x_wconf 89' lang='lat' dir='ltr'>sententiarum</span> <span class='ocrx_word' id='word_1_266' title='bbox 1113 3950 1195 3994; x_wconf 89' lang='lat' dir='ltr'>nexu</span> <span class='ocrx_word' id='word_1_267' title='bbox 1218 3949 1310 4009; x_wconf 88' lang='lat' dir='ltr'>quam</span> 
     </span>
    </p>
   </div>
   <div class='ocr_carea' id='block_1_3' title="bbox 178 4069 381 4079">
    <p class='ocr_par' dir='ltr' id='par_1_6' title="bbox 178 4069 381 4079">
     <span class='ocr_line' id='line_1_36' title="bbox 178 4069 381 4079; baseline 0.015 -3"><span class='ocrx_word' id='word_1_268' title='bbox 178 4069 381 4079; x_wconf 76' lang='lat'><em>——-—.-—-.</em></span> 
     </span>
    </p>
   </div>
   <div class='ocr_carea' id='block_1_4' title="bbox 169 4155 1310 4426">
    <p class='ocr_par' dir='ltr' id='par_1_7' title="bbox 169 4155 1310 4426">
     <span class='ocr_line' id='line_1_37' title="bbox 171 4155 1310 4236; baseline 0.007 -25"><span class='ocrx_word' id='word_1_269' title='bbox 171 4155 290 4215; x_wconf 80' lang='lat' dir='ltr'>secunda</span> <span class='ocrx_word' id='word_1_270' title='bbox 309 4157 453 4229; x_wconf 87' lang='lat' dir='ltr'>inscriptus</span> <span class='ocrx_word' id='word_1_271' title='bbox 475 4166 515 4216; x_wconf 89' lang='lat' dir='ltr'>est</span> <span class='ocrx_word' id='word_1_272' title='bbox 534 4160 604 4216; x_wconf 89' lang='lat' dir='ltr'>liber</span> <span class='ocrx_word' id='word_1_273' title='bbox 625 4161 689 4231; x_wconf 88' lang='lat' dir='ltr'>„tbe</span> <span class='ocrx_word' id='word_1_274' title='bbox 710 4160 817 4232; x_wconf 81' lang='lat' dir='ltr'>Myrror</span> <span class='ocrx_word' id='word_1_275' title='bbox 835 4162 866 4219; x_wconf 87' lang='lat' dir='ltr'>ol</span> <span class='ocrx_word' id='word_1_276' title='bbox 879 4161 1007 4235; x_wconf 72' lang='lat' dir='ltr'>justice&#39;&#39;,</span> <span class='ocrx_word' id='word_1_277' title='bbox 1027 4163 1199 4236; x_wconf 88' lang='lat' dir='ltr'>praeplacuit</span> <span class='ocrx_word' id='word_1_278' title='bbox 1219 4170 1310 4219; x_wconf 91' lang='lat' dir='ltr'>tamen</span> 
     </span>
     <span class='ocr_line' id='line_1_38' title="bbox 170 4251 1310 4326; baseline 0.011 -22"><span class='ocrx_word' id='word_1_279' title='bbox 170 4251 347 4323; x_wconf 86' lang='lat' dir='ltr'>nostratibus,</span> <span class='ocrx_word' id='word_1_280' title='bbox 372 4252 443 4309; x_wconf 88' lang='lat' dir='ltr'>inter</span> <span class='ocrx_word' id='word_1_281' title='bbox 463 4271 529 4326; x_wconf 88' lang='lat' dir='ltr'>quos</span> <span class='ocrx_word' id='word_1_282' title='bbox 555 4254 665 4312; x_wconf 86' lang='lat' dir='ltr'>saeculo</span> <span class='ocrx_word' id='word_1_283' title='bbox 690 4256 797 4314; x_wconf 89' lang='lat' dir='ltr'>decimo</span> <span class='ocrx_word' id='word_1_284' title='bbox 823 4266 900 4316; x_wconf 81' lang='lat' dir='ltr'>sexto</span> <span class='ocrx_word' id='word_1_285' title='bbox 924 4259 1037 4315; x_wconf 72' lang='lat' dir='ltr'>maxim</span> <span class='ocrx_word' id='word_1_286' title='bbox 1058 4257 1230 4316; x_wconf 87' lang='lat' dir='ltr'>innotuerunt</span> <span class='ocrx_word' id='word_1_287' title='bbox 1253 4260 1310 4319; x_wconf 85' lang='lat' dir='ltr'>Se-</span> 
     </span>
     <span class='ocr_line' id='line_1_39' title="bbox 169 4341 971 4426; baseline 0.011 -23"><span class='ocrx_word' id='word_1_288' title='bbox 169 4341 274 4405; x_wconf 79' lang='lat' dir='ltr'>bastiam</span> <span class='ocrx_word' id='word_1_289' title='bbox 293 4347 386 4422; x_wconf 74' lang='lat' dir='ltr'>lirant,</span> <span class='ocrx_word' id='word_1_290' title='bbox 406 4347 512 4408; x_wconf 82' lang='lat' dir='ltr'>Ulrious</span> <span class='ocrx_word' id='word_1_291' title='bbox 533 4351 651 4426; x_wconf 79' lang='lat' dir='ltr'>longlar</span> <span class='ocrx_word' id='word_1_292' title='bbox 672 4358 700 4410; x_wconf 85' lang='lat' dir='ltr'>et</span> <span class='ocrx_word' id='word_1_293' title='bbox 719 4352 840 4414; x_wconf 82' lang='lat' dir='ltr'>lustinus</span> <span class='ocrx_word' id='word_1_294' title='bbox 860 4353 971 4413; x_wconf 78' lang='lat' dir='ltr'>Gobler.</span> 
     </span>
    </p>
   </div>
   <div class='ocr_carea' id='block_1_5' title="bbox 0 0 1366 4898">
    <p class='ocr_par' dir='ltr' id='par_1_8' title="bbox 0 0 1366 4898">
     <span class='ocr_line' id='line_1_40' title="bbox 0 0 1366 4898; baseline 0 0"><span class='ocrx_word' id='word_1_295' title='bbox 0 0 1366 4898; x_wconf 95' lang='lat' dir='ltr'> </span> 
     </span>
    </p>
   </div>
  </div>
 </body>
</html>
