2722 4898
628 373 672 390 ··-
717 342 779 406 160
808 377 865 408 ⁴-

236 519 373 592 Ouatuor
397 517 471 580 istos
499 516 565 578 dies
592 522 717 579 statutos
823 520 898 594 „Da
925 538 1022 581 umnec
1049 520 1102 582 sin
1130 522 1218 584 disce
1246 524 1315 585 nter

179 639 265 701 esse,
300 621 407 701 quibus
438 620 572 702 cujusvis
607 620 718 682 condi·
770 623 863 701 rupte
880 642 1025 704 pemepne
1047 625 1142 686 crede
1164 632 1238 706 tope
1262 629 1314 690 ct-

178 727 268 789 tionis
296 725 434 787 homines
463 742 540 804 pace
568 723 717 802 fruantur,
771 726 819 788 len
839 726 940 789 indeo.
965 745 1035 789 ene
1054 727 1134 790 dere.
1159 729 1224 790 die
1247 733 1314 792 mit

178 829 317 910 exceptis
334 829 385 908 qui
404 827 528 890 crimina
544 827 628 890 hisee
648 827 717 889 die·
771 829 841 891 der
869 829 1111 911 dnntdoften
1141 832 1211 893 tud
1240 853 1313 914 pe-

177 934 233 996 bus
263 938 441 1014 perpetrare
473 930 617 1009 audeant,
649 949 717 993 narn
770 951 923 1014 compen
951 933 1114 997 werden.
1150 937 1248 998 oder
1275 939 1314 999 in

177 1038 211 1098 in
233 1035 420 1118 ejusmodi
441 1032 717 1097 malefactores
771 1035 836 1097 des
852 1017 1196 1123 ricdcsocdtecin.
1222 1041 1314 1115 [oder

177 1141 262 1220 ipso
287 1156 359 1218 quo
387 1137 630 1217 deliquerint
657 1138 717 1200 die
769 1141 930 1221 cercestid
949 1141 983 1209 in
1005 1140 1089 1202 deme
1109 1141 1277 1220 paraclite}

178 1242 358 1322 ajudioe
391 1242 718 1306 animadverten-

177 1346 258 1408 durn
280 1360 377 1408 esse.
412 1344 556 1410 Similiter
577 1345 718 1425 proscri-

176 1448 234 1530 ptis
268 1448 364 1512 nuilas
394 1448 432 1510 ob
467 1448 546 1511 diem
579 1447 717 1511 feriatum

110 1640 114 1644 Ι
177 1553 315 1616 inducias
339 1553 479 1615 concedi.

427 1768 548 1850 eaput
570 1768 600 1833 4.
638 1764 680 1837 Ite
703 1762 795 1837 crnir
817 1781 877 1838 non
898 1765 1064 1856 portandis.

231 1924 349 2006 Caput
368 1923 440 1986 251.
474 1892 642 2010 Reus'plus
657 1903 718 2019 ¹tri-
807 1896 888 1988 (Art.
904 1926 975 1991 106.
997 1927 1109 2002 „Sacer
1128 1931 1192 2002 [um
1211 1950 1314 2010 unpe-

176 2030 258 2112 ginta
273 2028 717 2109 amieisinjudioiumveniens
770 2030 883 2107 modic]
914 2032 1054 2110 bectopet
1080 2033 1165 2096 wint.
1194 2034 1248 2095 die
1275 2053 1313 2094 ne

176 2134 302 2213 stipatus
325 2149 387 2193 non
411 2133 457 2194 sit.
503 2114 561 2205 Oui
585 2139 717 2195 armatus
748 2098 777 2185 ’ξ
845 2134 951 2205 ;-ιιιόΙιι
985 2154 1050 2196 mer
1081 2155 1154 2206 noea
1187 2135 1314 2198 driziod

176 2256 245 2302 eum
278 2234 436 2300 comitetur
466 2236 599 2316 quinque
632 2235 716 2298 libris
767 2130 959 2299 aaronem
979 2254 1038 2301 nor
1055 2237 1205 2318 pertento.
1229 2258 1315 2302 ruer

181 2377 384 2385 »mm-...a-

176 2463 223 2519 mit
244 2462 300 2518 sele
322 2477 353 2516 ne
374 2461 480 2516 himete.
506 2460 576 2515 vnde
596 2459 692 2515 sitzent
712 2446 744 2513 zd
765 2460 814 2515 der
835 2477 928 2517 neuen
949 2477 1041 2517 vnsers
1061 2463 1169 2517 herren.
1195 2463 1250 2519 vnd
1271 2463 1315 2518 die

176 2558 262 2613 wider
283 2562 331 2628 got
352 2557 461 2627 geiebet
481 2556 552 2611 hant.
575 2554 618 2610 die
635 2561 735 2610 vanem>
750 2555 797 2610 mit
818 2555 878 2610 dem
897 2556 989 2612 diruet
1010 2557 1036 2611 in
1057 2555 1101 2611 die
1121 2557 1194 2613 helie
1216 2557 1244 2613 in
1265 2557 1315 2612 dan

176 2653 266 2724 ewige
290 2653 347 2707 iivr.
375 2651 446 2730 vnde
471 2651 596 2707 brinnent
616 2651 649 2706 da
676 2650 759 2705 iemer
774 2650 851 2713 ,unde
876 2651 961 2707 iemcr
987 2667 1036 2707 une
1063 2651 1140 2707 ende.
1179 2651 1226 2708 Da
1247 2668 1314 2722 ge-

175 2749 325 2805 denkent
349 2764 386 2802 an
410 2746 530 2802 edelcn
552 2746 674 2802 rihter.
703 2745 756 2800 vnd
775 2745 876 2803 rihtent
896 2745 964 2802 also.
990 2746 1040 2801 daz
1061 2746 1085 2801 ir
1106 2753 1189 2831 gotes
1206 2747 1314 2819 gerihtc

176 2862 208 2900 an
229 2845 289 2900 dem
310 2844 451 2914 ivngesten
472 2848 536 2912 tage
556 2857 609 2900 vro.
627 2836 707 2897 sim.''
859 2896 862 2901 ,
988 2894 992 2899 .

252 2937 401 2995 Saronicus
421 2937 538 3010 scriptor
559 2937 585 2992 in
606 2935 750 2992 reddendis
771 2935 872 3017 causis,
896 2953 944 2991 our
965 2943 1080 3010 quatuor
1102 2935 1221 3009 cujusvis
1241 2937 1313 2993 heb-

176 3033 296 3090 domadis
318 3031 375 3087 dies
395 3049 461 3105 prce
483 3031 598 3087 caeteris
624 3031 708 3086 sancti
734 3031 883 3088 habeantur
908 3031 1066 3088 bavaricum
1087 3030 1195 3106 quidem
1217 3049 1312 3088 exeru-

175 3130 248 3203 plum
268 3126 412 3200 expressit,
432 3126 479 3182 sed
493 3127 529 3182 ita
545 3133 721 3196 contractum,
742 3133 770 3181 ut
789 3127 921 3183 sermonis
935 3126 1016 3198 vigor
1030 3127 1158 3184 naturalis
1178 3126 1312 3184 maxime-

73 3298 75 3301 ·
175 3241 228 3296 que
254 3222 404 3278 sentcntiae
431 3228 457 3277 et
483 3221 612 3278 orationis
642 3222 745 3292 figurae
775 3221 924 3277 Bertholdo
955 3217 1135 3295 ratisponensi
1158 3206 1312 3278 ¹familiares

175 3318 282 3375 omnino
309 3316 504 3391 disparuerint,
531 3334 557 3373 v.
578 3333 601 3372 e.
622 3315 649 3372 in
674 3315 795 3372 bavarioi
820 3317 883 3373 libri
907 3316 1011 3372 verbis:
1039 3317 1108 3388 „dez
1132 3316 1311 3390 donrestagcs

176 3401 249 3470 sinte
269 3419 318 3486 got
338 3413 381 3468 die
401 3412 568 3470 mensohheit
587 3429 620 3467 nu
640 3410 744 3468 himeie.
768 3412 819 3468 vnd
840 3411 924 3469 odem
937 3428 987 3468 vns
1003 3411 1055 3467 den
1068 3428 1133 3484 weg
1152 3415 1243 3474 dahin.
1265 3415 1311 3471 der

174 3526 222 3566 uns
241 3509 323 3580 lange
343 3524 394 3563 vor
414 3507 602 3564 besoidczaen
615 3524 680 3565 was.
708 3506 761 3563 vnd
784 3495 854 3563 sinte
880 3507 927 3562 mit
952 3508 1001 3562 irn-
1014 3523 1110 3579 menge
1127 3509 1193 3567 -sele
1214 3511 1310 3567 diedo

174 3621 224 3661 vor
245 3604 349 3659 nehelte
370 3603 626 3673 warngcwesen'7,
648 3619 716 3675 quae
736 3603 824 3658 statim
844 3603 872 3658 in
891 3609 1006 3658 mentem
1026 3610 1158 3660 reuocant
1177 3605 1312 3678 prooemii

161 3700 263 3757 ‘verba
279 3700 371 3754 hausta
392 3715 427 3753 ex
446 3697 606 3755 Berthcldo:
629 3699 703 3769 ,Dan
716 3698 772 3754 uir.
785 3716 820 3755 nr
833 3713 864 3754 so
877 3698 933 3756 wod
952 3697 1039 3754 aeden
1059 3699 1169 3769 ewigeu
1189 3699 1311 3756 rrorden

174 3796 304 3850 choemen
319 3789 403 3850 etc.''·
422 3793 570 3849 Saronicus
590 3794 709 3866 scriptor
731 3793 837 3849 dicendi
857 3809 927 3847 usos
941 3809 1042 3863 genere
1061 3809 1111 3851 sno
1127 3794 1205 3864 erili,
1225 3794 1312 3864 arido,

175 3890 279 3946 consiso
306 3895 387 3959 atque
413 3888 513 3943 minuto
538 3889 581 3942 hie
607 3888 688 3944 offert
714 3894 826 3943 tantum:
853 3888 925 3958 „Des
949 3888 1131 3959 donnertcges
1152 3889 1242 3946 vurdc
1261 3889 1313 3946 (iot

175 3991 241 4041 nnse
267 3983 431 4040 menschheit
456 4000 487 4039 ne
513 3983 620 4053 hymele
643 3983 713 4039 unde
734 3983 857 4054 opheude
878 4000 926 4038 uns
947 3983 1099 4039 denu'eeh
1115 3983 1237 4042 ria-hen.
1264 3985 1312 4040 der

174 4098 222 4136 uns
244 4080 277 4135 da
298 4095 366 4135 vore
387 4078 563 4135 beschlonzcn
578 4074 663 4134 was.''
698 4078 820 4149 Denique
840 4095 982 4150 suppressa
1003 4079 1114 4134 manino
1131 4085 1175 4136 eat
1188 4080 1313 4152 jodicnrn

176 4175 338 4244 admonitio,
365 4181 393 4229 ut
420 4175 537 4246 supremi
563 4189 696 4228 memores
719 4174 771 4229 sint
790 4172 901 4244 judicii,
927 4189 995 4244 quae
1021 4180 1111 4233 tanen
1134 4175 1194 4231 sola
1221 4191 1312 4230 aaran

175 4269 251 4344 dedit
275 4269 322 4325 sub
348 4269 435 4338 titudo
453 4269 487 4326 de
508 4268 721 4325 administranda
746 4268 823 4339 regia
845 4266 1034 4337 jurisdictione
1060 4269 1197 4326 inserendi
1223 4270 1312 4327 locum

176 4371 271 4441 operte
291 4382 327 4423 ex
347 4366 536 4425 ecclesiastico
557 4365 672 4439 quodam
692 4378 815 4421 sermone
836 4362 1022 4436 conquisitum.
