2722 4898
617 345 854 411 ...224m

229 514 434 598 Caputssii.
470 516 529 590 oui
544 517 603 582 vim
618 516 710 580 femi-

171 640 230 684 nae
251 621 395 699 intulerit,
420 620 538 683 etiamsi
559 621 710 701 pessimae

171 728 219 789 iila
241 725 339 786 famae
362 722 463 800 fuerit,
487 723 575 785 talem
592 724 623 786 in
640 742 710 786 mo-

172 830 241 892 dum
263 826 446 909 puniendum
466 842 551 888 esse:
576 826 627 905 qui
641 826 710 889 vir-

170 934 272 1015 ginem
293 928 481 1012 oppresserit
507 947 576 991 oum
594 929 711 992 -viven-

170 1043 229 1098 tem
258 1031 466 1115 sepeliendum
495 1047 583 1110 esse,
612 1032 711 1114 gladii

170 1144 271 1200 autem
283 1152 408 1216 poenam
425 1134 497 1213 puti,
521 1135 572 1214 qui
589 1135 710 1197 mulieri

169 1254 231 1304 non
253 1238 366 1322 uirgini
387 1236 448 1299 vim
471 1236 656 1311 intulerit1).

223 1341 378 1423 Virginem
392 1339 499 1420 accipi,
508 1357 612 1419 quam
623 1358 710 1422 pro-

168 1439 710 1524 batumnonfucrit,priusquam

168 1549 229 1612 vim
262 1552 416 1628 pateretur
448 1562 513 1607 rem
544 1534 625 1607 cum
643 1545 709 1608 viro

169 1650 299 1733 quodam
321 1648 519 1741 habuisse2).
560 1647 618 1710 Pro
641 1648 709 1711 uir-

168 1755 238 1838 gine
263 1759 362 1827 putem
391 1769 453 1814 non
478 1750 600 1830 haberi,
630 1769 708 1830 quae
789 1790 792 1796 -

53 1926 56 1933 ,
168 1858 217 1921 vel
232 1857 319 1920 trium
334 1854 452 1919 testium
468 1854 557 1922 dictis
569 1854 710 1917 convicta

167 1961 269 2038 fuerit,
291 1960 385 2039 ipsam
408 1957 446 2020 de
470 1956 528 2020 viri
550 1957 708 2020 consortio

168 2061 339 2127 contessum
374 2076 462 2137 osse,
496 2059 545 2121 vel
579 2077 709 2140 quacum

167 2163 370 2229 semettertius
388 2161 494 2241 aliquis
512 2179 546 2225 se
565 2180 630 2224 rem
649 2161 708 2224 ha·
826 2204 832 2211 ·
886 2240 889 2247 Ι

166 2269 269 2332 buisse
288 2266 438 2348 juraverit
449 2266 492 2340 ⁸).

167 2448 351 2520 geldehetert,
363 2460 423 2500 men
437 2443 496 2500 den.
517 2443 615 2500 dentre
629 2444 737 2500 besteit.
768 2442 853 2500 Wun
869 2444 931 2501 deu
947 2445 1048 2503 desse
1068 2462 1172 2516 spnes
1192 2451 1305 2508 heran

167 2554 396 2605 musmonem
416 2543 530 2594 nutter
546 2553 620 2593 wan
641 2538 695 2593 ein
716 2538 821 2595 ander
838 2540 943 2610 eigeu
958 2555 1035 2597 was.
1056 2541 1164 2597 donch
1184 2545 1306 2601 seiues

167 2637 286 2692 steden
307 2632 469 2690 arbeides
487 2632 595 2689 -wiiie
622 2648 652 2688 so
677 2633 735 2704 gcit
759 2648 820 2689 men
845 2651 878 2688 en
903 2633 975 2690 nicht
993 2651 1028 2690 na
1048 2652 1130 2705 spner
1150 2638 1306 2696 snodictueit

166 2731 264 2786 witleo.
290 2728 406 2784 eundern
431 2744 490 2784 meu
515 2729 571 2799 geit
597 2745 632 2783 en
657 2745 689 2784 na
714 2727 762 2784 der
786 2729 871 2784 heren
895 2729 1003 2786 schade.
1030 2729 1079 2786 der
1104 2747 1148 2787 em
1174 2731 1227 2788 dar
1253 2750 1305 2790 eve

167 2825 308 2896 geschaoiu.
339 2820 369 2894 ff.
392 2823 432 2878 od
450 2823 502 2894 lep.
514 2813 617 2894 ‚Aperit
639 2822 656 2877 t.
673 2823 796 2893 proinde
816 2827 846 2889 S.
867 2823 894 2878 ai
912 2839 1027 2879 servum
1046 2825 1182 2882 occidmtt'
1204 2827 1304 2893 (1.22.

166 2937 207 2992 pr.
225 2919 268 2975 ad.
284 2919 338 2988 leg.
354 2917 421 2988 riq.)
441 2912 512 2972 etc.''
552 2916 720 2973 Contrarium
746 2916 773 2973 in
793 2923 897 2988 partem
918 2924 992 2973 errat
1011 2918 1054 2973 vir
1073 2925 1183 2976 nostrae
1203 2923 1305 2979 aetatis

167 3014 261 3069 doctus
282 3011 422 3078 (Grimm
443 2998 771 3082 liechtsaitertirtimersp.
787 3010 858 3080 670)
883 3011 1036 3067 existimans
1056 3017 1110 3068 tam
1131 3013 1305 3081 immodicam

165 3107 327 3163 rusticorum
347 3104 556 3160 aestimationem
577 3119 629 3159 nou
649 3109 677 3158 ut
696 3104 853 3175 exigeretur
866 3105 1035 3178 propositam
1054 3105 1146 3179 tuisse,
1166 3107 1217 3165 aeti
1229 3125 1304 3165 oon-

166 3199 407 3267 tumeiiaecause,
433 3203 461 3253 ut
481 3196 668 3269 derideretur,
688 3199 732 3269 qui
752 3197 789 3255 ob
809 3199 890 3255 vitem
909 3200 1003 3255 rustici
1023 3199 1136 3257 hominia
1156 3217 1304 3274 personam

166 3295 282 3365 exigere
301 3293 417 3364 aliquam
437 3293 649 3349 aestimationem
669 3293 769 3349 veliet..

243 3390 281 3457 t}
301 3387 341 3445 ΙΙ
361 3392 488 3445 conflue
511 3387 667 3443 bavaricam
693 3387 805 3443 iocuma
822 3387 922 3457 „Sacer
948 3394 1038 3460 muget
1064 3389 1132 3446 oder
1153 3389 1210 3463 wip
1235 3373 1314 3449 aotss

165 3482 343 3555 aogetwie
353 3483 446 3567 moeso
466 3482 488 3536 si
509 3483 570 3551 siut,
583 3499 649 3537 men
664 3481 704 3537 soi
719 3482 786 3537 vber
803 3481 830 3536 in
847 3481 935 3538 rihteu
953 3483 1038 3538 aiae:
1061 3483 1131 3539 obsi
1147 3491 1241 3556 magei
1257 3487 1304 3557 ist,

166 3594 227 3645 m
248 3574 485 3649 octinginta&
503 3577 652 3646 tregrenon,
673 3576 707 3631 ist
727 3575 749 3630 si
769 3575 813 3631 ein
829 3576 895 3647 wip,
915 3591 976 3631 wea
997 3576 1038 3632 soi
1058 3578 1085 3632 in
1105 3577 1304 3638 enthoubteu.”

242 3672 275 3739 2)
301 3669 418 3727 Euam·
438 3669 465 3725 iu
486 3669 671 3740 isssbergiuno
687 3670 827 3743 exemplo:
848 3668 933 3740 „Wie
949 3686 1009 3725 maa
1030 3669 1080 3726 daz
1096 3671 1230 3729 beweren
1244 3675 1304 3731 soie

167 3767 216 3822 dau
235 3765 257 3821 si
277 3763 350 3820 niet
370 3770 461 3834 magei
481 3764 503 3820 si
515 3762 674 3834 -pawesen‘t
702 3779 764 3819 wen
783 3764 824 3819 soi
849 3763 873 3818 ir
894 3759 988 3819 manue
1008 3764 1140 3821 dehemen
1159 3766 1304 3825 herrorem

166 3860 216 3914 dan
235 3858 269 3914 ist
288 3858 345 3914 also
366 3857 551 3930 gesprooiiea:
575 3857 668 3926 [unde]
687 3858 733 3912 hut
749 3858 788 3912 sie
802 3858 947 3913 verieoiueu
965 3857 1014 3913 dez
1035 3858 1075 3914 sie
1094 3875 1156 3915 mun
1175 3861 1305 3931 genehen

165 3953 235 4008 habe
255 3948 337 4020 etc.'',
358 3950 447 4006 addita
468 3950 601 4025 partiente
621 3948 741 4020 „nivi”
763 3957 790 4006 et
810 3949 899 4007 deiota
920 3951 1052 4024 particule
1072 3951 1210 4022 ,‚vnde''.

243 4045 276 4111 3)
300 4045 330 4100 in
355 4045 558 4117 corruptissimo
578 4045 630 4100 hoo
650 4045 713 4105 loco
733 4061 871 4118 expungas
894 4046 963 4101 maio
984 4045 1080 4101 iterata
1101 4047 1205 4118 verte,
1232 4065 1305 4122 quae

165 4139 241 4199 unsis
261 4139 363 4196 incitus
388 4139 545 4209 subjiciam,
571 4139 676 4210 legens:
703 4138 808 4210 „vnde
827 4139 903 4210 giht
924 4139 980 4195 ein
999 4155 1079 4197 man.
1105 4156 1143 4195 cr
1164 4141 1195 4197 si
1216 4143 1252 4199 ui
1273 4145 1305 4200 ir

166 4234 316 4304 geiegen
338 4229 387 4308 [so
407 4232 487 4288 ist-si
507 4233 565 4288 aivt
584 4227 692 4307 ianget]
715 4233 955 4289 nudauerant
979 4233 1165 4301 dea-selba
1191 4234 1307 4294 dritte

166 4327 227 4388 tier
251 4328 278 4384 ei
299 4327 375 4384 uivt
400 4332 512 4398 magei
536 4326 566 4394 si
591 4341 751 4397 genesen
777 4323 867 4404 [uude
892 4341 964 4385 suar
988 4308 1039 4397 per
1059 4332 1107 4399 get
1125 4326 1198 4395 vnde
1225 4330 1306 4389 solbe
