2722 4898
517 365 733 429 ...29-

585 678 670 756 lX.

142 851 236 934 Legis
258 850 467 932 Bajuariorum
491 852 579 914 alteri
608 852 638 913 iu
663 871 723 932 quo
747 870 906 916 versamur
927 852 1001 915 tituli
1025 860 1194 916 extremum

61 962 157 1036 caput,
182 953 219 1016 dc
242 954 353 1018 ducum
374 955 518 1035 prosapia
539 956 638 1036 deque
661 955 817 1019 illustrium
840 956 928 1036 hujus
952 956 1077 1040 originis
1102 956 1193 1019 lami-

60 1058 164 1122 liarum
183 1057 350 1121 honoribus
367 1060 600 1141 praerogativis,
624 1060 696 1121 licet
713 1059 810 1140 ipsum
826 1060 947 1150 nonnisi
968 1077 1019 1122 res
1038 1060 1194 1123 oblivione

57 1162 113 1244 jam
141 1161 260 1241 pridem
288 1161 467 1224 obscuratas
496 1161 670 1243 exhiberet,
704 1164 887 1244 aptissimum
914 1169 1016 1225 tamen
1044 1163 1194 1227 offerebat

61 1265 155 1328 locum
180 1264 229 1327 cui
252 1270 488 1328 annecterentur
507 1284 585 1345 quae
609 1267 647 1328 de
667 1267 750 1331 varia
773 1267 925 1330 hominum
945 1266 1122 1331 conditione
1142 1268 1193 1329 in-

62 1370 160 1451 primis
184 1369 263 1431 scitu
285 1369 462 1431 necessaria
485 1377 599 1435 essent.
705 1384 708 1389 ·

139 1471 364 1552 Amplissimum
384 1472 443 1536 hoc
462 1479 670 1556 argumentum
690 1475 785 1556 capita
804 1474 908 1555 explet
927 1475 963 1537 ab
980 1475 1076 1538 altero
1094 1491 1194 1555 usquc

63 1575 94 1638 ad
116 1576 295 1660 octagesimi
317 1577 405 1657 primi
428 1577 558 1656 initium,
583 1594 661 1657 quae
687 1579 800 1660 capita,
826 1579 1029 1661 compluribus
1052 1584 1152 1641 tamen
1175 1596 1192 1640 a

63 1681 193 1764 margine
208 1666 432 1761 inscriptions
448 1682 621 1744 continuam
639 1681 749 1744 seriem
766 1700 782 1744 a
799 1681 966 1745 recentiori
984 1683 1063 1744 mani
1081 1700 1192 1763 super-

63 1784 197 1864 inductis,
219 1790 283 1846 tres
306 1784 437 1865 produnt
460 1785 601 1849 diversae
625 1785 752 1868 originis
776 1786 1103 1849 commentatiunculas.

139 1889 240 1951 Primo
263 1888 343 1959 enirn
365 1889 434 1952 loco
457 1889 574 1953 libellus
598 1890 734 1953 occurrit
758 1884 922 1970 (capitibus
945 1888 1079 1968 2-11)‚
1104 1888 1190 1969 cujus

62 1997 265 2078 argumentum
293 1991 430 2073 praebuit
459 1993 660 2057 celeberrima
688 1993 838 2074 pontilicis
866 1990 1035 2056 Alexandri
1064 1991 1191 2055 secundi

62 2096 218 2160 decretalis
246 2094 374 2177 epistola
404 2096 441 2159 de
471 2095 679 2179 computandis
710 2097 1005 2181 consanguinitatum
1034 2096 1190 2180 gradibus,

60 2200 93 2264 ad
115 2216 222 2265 omncs
245 2207 305 2262 tam
328 2200 492 2281 episcopos
515 2218 605 2281 quam
627 2219 683 2282 per
705 2186 824 2264 ltaliam·
838 2201 957 2283 judices
981 2201 1130 2274 nissa1).

139 2303 188 2367 Ad
216 2302 305 2385 hujus
332 2302 393 2366 loci
422 2304 592 2385 exemplum
622 2321 679 2366 sex
709 2304 809 2367 mundi
839 2304 988 2368 aetatibus
1000 2296 1033 2378 ²)
1062 2308 1190 2385 compo-

58 2414 165 2473 nuntur
186 2424 244 2470 sex
266 2393 498 2490 generationum
521 2396 748 2487 successiones,
772 2407 944 2488 exquibus
969 2407 1190 2491 consanguini-

58 2514 123 2576 tatis
146 2511 400 2592 propinquitatem
429 2511 460 2572 in
484 2509 698 2574 contrahendis
722 2512 832 2593 nuptiis
856 2508 988 2574 ecclesia
1010 2510 1191 2574 metiendam

57 2634 124 2681 esse
147 2615 253 2694 voluit,
278 2613 378 2676 addita
401 2613 528 2694 septima
546 2621 645 2677 aetate
665 2632 723 2693 qua
743 2615 871 2703 mundus
894 2620 924 2676 et
947 2616 1072 2694 septima
1089 2612 1190 2699 gerie-

55 2720 174 2783 ratione
196 2735 255 2797 qua
279 2714 552 2801 consanguinitatis
569 2704 777 2798 propinquitas
799 2717 948 2780 finiantur.
978 2717 1109 2797 septeni
1127 2735 1190 2780 nu-

55 2824 130 2886 meri
153 2822 288 2886 similitas
312 2838 404 2884 causa
423 2827 489 2883 erat
504 2814 559 2884 cur
574 2821 716 2883 librarius
732 2820 853 2899 quidam
870 2820 940 2883 loco
957 2814 994 2882 de
1014 2838 1070 2883 sex
1088 2820 1190 2883 numdi

55 2925 203 2990 aetatibus
233 2924 418 3004 totidemque
446 2924 677 3009 generationum
707 2922 955 2987 successionibus
978 2941 1018 2987 ex
1037 2922 1114 3004 juris
1138 2923 1190 3003 qui

55 3031 167 3093 dicitur
188 3016 348 3092 feudorum
363 3026 440 3091 libro
458 3027 632 3091 interseruit
652 3029 790 3090 usitatam
812 3027 981 3090 militarium
1000 3026 1137 3090 ordinem
1160 3027 1190 3088 in

54 3142 172 3215 septem
196 3132 320 3214 clypeos
344 3132 542 3213 partitionem,
568 3130 819 3212 quemadmodum
837 3132 917 3214 juris
937 3132 1105 3195 communis
1123 3130 1191 3193 libri

53 3238 141 3301 locus
172 3237 210 3298 de
240 3243 354 3316 septem
389 3236 490 3298 mundi
525 3234 672 3298 aetatibus
691 3235 837 3298 uicissim
867 3236 898 3298 in
915 3235 1001 3316 -juris
1029 3233 1189 3298 feudorum

52 3340 162 3403 librum
184 3339 420 3423 transmigravit,
442 3339 492 3401 ubi
515 3339 681 3401 militarium
705 3339 844 3402 ordinum
862 3338 1046 3419 expositioni
1067 3343 1189 3418 praeter

54 3461 175 3508 omnem
196 3442 258 3506 loci
281 3442 533 3523 opportunitatem
556 3441 730 3523 subjunctus
752 3441 918 3525 legitur³).

139 3545 189 3610 Ad
216 3544 316 3609 locum
345 3543 383 3607 de
414 3545 661 3630 generationibus
695 3545 860 3625 particulae
894 3544 982 3625 hujus
1013 3549 1120 3607 auctor
1150 3543 1188 3606 dc

51 3649 275 3715 hereditatibus
295 3650 333 3713 ad
350 3651 558 3731 posteritatem
576 3648 813 3712 transmittendis
837 3648 979 3713 tractavit
1000 3654 1188 3727 sequentem,

52 3756 83 3818 in
105 3753 238 3818 modurn.

54 3913 214 3922 --·—-——·-
217 3911 262 3919 ..—

132 3996 164 4067 1)
186 3994 226 4053 (li.
248 4010 270 4050 c.
287 3994 306 4053 2
326 3993 355 4052 C.
369 3993 482 4066 XXXV,
503 4010 547 4067 qu.
565 3996 591 4049 5.

131 4092 165 4162 2)
186 4090 227 4147 Gt.
247 4089 282 4146 de
304 4089 393 4146 mundi
414 4089 546 4147 aetatibus
566 4086 736 4145 lsidorum
757 4094 838 4159 etym.
857 4088 885 4144 L.
899 4085 933 4159 V,
951 4103 1009 4161 cap.
1026 4085 1147 4143 38-49.

131 4185 294 4254 arettas
319 4183 390 4241 leud.
418 4201 475 4258 cap.
499 4184 512 4239 l
543 4183 648 4239 verbis:
680 4183 756 4255 „Div
784 4189 855 4239 erste
882 4183 948 4239 welt
974 4183 1045 4255 huop
1073 4181 1129 4237 siclr
1155 4198 1188 4237 an

49 4281 158 4343 Adame
176 4277 239 4338 -.''
