2722 4898
524 337 853 405 ,..223...

628 559 838 634 mn.
901 642 904 647 ¹

187 745 191 753 ·
253 721 302 787 Ad
323 722 423 787 looum
447 722 485 784 de
508 720 735 803 probationibus
761 719 922 803 praeteriri
944 719 1102 785 commode
1124 738 1188 785 non
1209 729 1304 804 pote-

168 833 237 890 rant
260 827 440 892 donationes
463 827 494 889 in
516 824 666 889 eeclesias
686 825 835 905 nollatae,
857 824 896 888 de
920 825 1029 904 quibus
1050 824 1176 889 uberim
1201 827 1303 909 agitur

168 931 309 1011 antiquae
338 930 417 1013 legis
440 929 678 993 Alamannorum
699 928 791 990 titulo
821 928 927 1008 primo.
971 925 1016 990 Ea
1045 934 1092 992 est
1121 945 1217 993 causa
1246 948 1303 993 our

167 1034 281 1096 inserta
309 1033 359 1095 bio
387 1034 528 1116 legantur
556 1033 656 1113 eapita
678 1031 766 1113 plura
789 1049 868 1111 quae
898 1031 1040 1112 antiquae
1063 1029 1303 1098 Alamannorum

166 1137 246 1224 tegis
266 1137 358 1202 titulis
381 1137 515 1217 quinque
537 1135 689 1217 prioribus
712 1136 940 1200 accuratissime
963 1135 1158 1202 conveniunt

464 1290 468 1299 ¹
525 1307 603 1372 box
630 1307 938 1374 Alamannorum.

275 1446 294 1500 1.
321 1446 365 1498 Da
386 1446 518 1511 liberis,
535 1445 661 1517 quinas
680 1460 754 1498 suas
772 1444 810 1498 ad
829 1445 991 1499 ecclesias
1009 1444 1069 1499 bei
1087 1445 1228 1500 tradunt.

264 1532 296 1587 11.
320 1532 365 1605 lle
386 1532 516 1598 liberis,
540 1533 592 1602 qui
615 1547 667 1584 res
691 1547 767 1584 suas
791 1531 829 1584 ad
853 1531 1030 1585 ecclesiam
1056 1533 1191 1587 tradunt
1214 1542 1247 1586 ot
1269 1534 1302 1587 in

320 1615 520 1673 beneficium
543 1618 599 1672 sub
623 1613 1066 1698 usufructuarioaccipiant.
1129 1688 1134 1697 .

244 1740 349 1816 Caput
369 1742 434 1800 323.
469 1742 507 1797 De
525 1741 712 1803 donationibus
731 1741 758 1798 in
775 1741 903 1817 scalonias
920 1740 1027 1801 collatis
1040 1703 1221 1800 instrumento
1245 1761 1302 1818 pu-

166 1837 264 1895 blioam
283 1837 362 1899 fidem
381 1839 507 1895 habentia
531 1836 696 1911 conicienda
716 1852 790 1905 esse..

321 1938 424 2008 Caput
441 1941 499 1993 324.
529 1940 571 1992 Ad
589 1939 764 2007 praecedentis
782 1939 871 2008 capitis
888 1939 982 1993 uerba:
1000 1968 1052 2005 ,,-
1063 1941 1096 1993 ist
1110 1940 1160 1993 daz
1177 1931 1219 1995 ein
1232 1942 1303 1994 nrier

269 2043 327 2079 man
345 2027 448 2080 sichen
466 2029 508 2079 ein
524 2026 654 2096 gottesbus
667 2024 710 2080 wil
723 2042 781 2097 gen.
801 2025 847 2080 daz
866 2027 968 2095 megin
987 2026 1053 2079 onob
1071 2027 1173 2081 nieman
1191 2043 1302 2082 erwen-

271 2113 320 2165 den
339 2129 397 2166 wan
415 2115 469 2167 sine
488 2113 612 2165 erben.’'
907 2116 910 2121 '

319 2200 386 2252 Patri
404 2201 553 2271 adquisitam
571 2198 670 2252 censeri
689 2207 825 2253 maternam
846 2199 1008 2253 hereditatem
1028 2208 1130 2270 partos,
1153 2216 1233 2275 quern
1251 2201 1300 2256 do·

268 2287 380 2340 lunatam
402 2288 428 2338 in
451 2288 585 2354 puerperio
603 2293 706 2338 matram
730 2285 909 2356 aliquantulum
932 2288 1156 2355 supervixissent:
1175 2287 1231 2355 ojus
1252 2305 1301 2359 ge-

269 2375 330 2425 mitu
348 2374 486 2425 constiterit
495 2373 532 2437 ¹).

319 2457 420 2526 Caput
443 2458 501 2511 325.
542 2457 721 2511 Deficientibua
744 2458 801 2512 filiis
827 2460 852 2511 in
878 2468 985 2529 paterna
1010 2460 1158 2519 hereditate·
1172 2457 1302 2530 praeferri

267 2543 344 2596 filiam
362 2560 427 2614 quae
452 2544 566 2627 aequalis
589 2561 677 2596 secum
701 2545 827 2613 dignitatis
845 2546 933 2598 marito
957 2548 1071 2616 nupserit
1087 2563 1150 2615 prae
1168 2547 1213 2600 illa
1232 2565 1300 2620 quae

267 2629 394 2684 inferioris
413 2631 562 2684 conditionis
580 2631 694 2708 maritum
712 2632 840 2699 acceperit
848 2633 884 2698 ¹).

156 2823 164 2842 ἰ
243 2735 430 2806 Particulam·
443 2737 536 2800 titulis
550 2736 785 2800 Alamannorum
802 2736 881 2820 legis
895 2738 1049 2820 prioribus
1063 2740 1301 2805 convenientem

165 2839 305 2904 nonnulla
327 2841 519 2921 intercipiunt
542 2841 652 2921 capita,
674 2840 804 2904 collecta
827 2859 867 2905 ex
890 2843 1029 2924 margine
1049 2843 1301 2925 praecedentium

165 2944 306 3026 capitum,
328 2952 360 3006 et
380 2945 482 3024 inepte
499 2943 563 3025 „buo
584 2943 740 3011 translata.
791 2959 793 2962 ⁴

241 3046 391 3110 Videntur
413 3047 492 3110 enim
515 3045 677 3114 referenda
699 3063 785 3111 esse:

320 3155 424 3224 Caput
441 3157 492 3208 326
510 3157 635 3225 adloaput
652 3157 703 3210 312
721 3158 753 3209 de
772 3157 872 3210 structis
887 3158 983 3212 insidiis
989 3175 999 3224 ς

319 3240 419 3310 Caput
437 3243 486 3294 327
506 3245 537 3295 ad
561 3244 651 3312 capitis
670 3243 725 3316 Ι317
748 3244 842 3296 verba:
865 3245 936 3310 „dez
960 3262 988 3298 es
1014 3245 1045 3298 da
1068 3246 1100 3301 ist
1122 3247 1170 3300 der
1193 3249 1236 3303 sol
1259 3250 1299 3304 ain

266 3338 329 3398 guot
346 3329 398 3382 wol
416 3346 551 3400 euvangen
568 3331 613 3383 mit
635 3320 681 3382 de‘z
707 3330 812 3382 nichters
823 3318 930 3383 ‘vrloba
953 3348 1013 3400 mag
1033 3348 1061 3384 er
1078 3332 1129 3386 den
1147 3335 1230 3388 rihter
1248 3352 1298 3405 ge-

264 3414 348 3466 haben
372 3415 434 3467 oder
457 3418 530 3469 sinen
551 3418 640 3470 boten
652 3414 699 3468 dat
723 3418 756 3468 ist
771 3424 845 3484 gnot.
867 3432 926 3486 mag
943 3432 977 3471 er·
989 3418 1037 3471 dar
1054 3419 1115 3474 nirt
1139 3421 1173 3472 e‘r
1189 3423 1301 3477 vallet

265 3518 301 3553 ez
321 3518 379 3554 ane
397 3501 454 3554 daz
474 3507 544 3568 an’';

316 3586 417 3654 Caput
434 3587 485 3641 328
503 3588 534 3640 ad
553 3588 666 3656 ejusdem
685 3591 771 3661 capitia
783 3591 874 3646 verba:
894 3608 941 3658 „so
960 3592 1000 3646 sol
1018 3609 1046 3646 er
1062 3588 1239 3662 'sproobem
1257 3598 1300 3650 ich

263 3673 309 3726 wil
326 3674 372 3726 mit
388 3674 445 3726 ivclr
461 3675 509 3727 lirr
526 3675 575 3728 den
592 3676 672 3729 rihter
689 3694 752 3731 narn
769 3706 803 3718 ·-
819 3679 870 3732 vad
888 3679 932 3732 wit
949 3679 1049 3756 iarebt
1066 3680 1153 3735 bieten
1164 3683 1227 3736 -.”

238 3776 542 3844 llelamannorum
563 3783 634 3865 lege
657 3791 728 3847 tuno
750 3791 917 3866 sequuntur
940 3785 1030 3850 tituli:

278 3896 320 3951 Ill.
346 3899 389 3951 lte
407 3899 526 3954 liberis
545 3911 576 3954 et
593 3904 698 3955 servis
718 3904 770 3974 qui
788 3905 823 3955 ad
842 3903 1020 3958 ecclesiam
1037 3907 1176 3976 fugiunt.

210 4004 344 4156 h(iupol
365 4005 429 4062 326.
461 4006 544 4077 „Alsa
565 4007 606 4067 ein
628 4009 752 4065 mensobe
769 4004 807 4081 ibt¹
824 4017 918 4082 geluot
934 4014 1004 4070 vnde
1019 4014 1112 4072 llivbet
1131 4030 1167 4071 en
1184 4013 1214 4075 in
1237 4016 1300 4076 eine

159 4098 213 4157 kile
232 4115 267 4156 vn
283 4095 346 4156 -.''

164 4213 366 4223 Η-

237 4263 270 4335 1)
290 4264 376 4321 boons
395 4263 502 4321 haustus
523 4282 557 4322 ex
578 4265 696 4338 ejusdam
716 4267 785 4341 legis
804 4267 884 4327 titulo
904 4270 949 4330 92.
986 4257 991 4267 ⁸

236 4359 268 4430 2)
288 4359 330 4417 Ex
349 4359 557 4420 Alamannorum
576 4361 646 4437 legis
664 4361 743 4420 titulo
763 4363 809 4422 ot.
849 4426 852 4431 ,
