2722 4898
541 361 777 430 -tte--

114 542 138 601 si
151 546 227 598 autem
240 539 315 611 uelit,
327 538 474 612 judiciario
489 539 634 597 certamine

114 637 241 708 contigere
262 653 322 693 cum
336 634 440 692 Judaeo
456 636 541 692 licere
557 636 634 691 chri-

113 733 184 789 stiano
201 730 310 788 homini.

157 827 258 900 Caput
279 825 345 884 261.
384 825 522 898 Aequiora
546 833 633 884 tamen

111 922 202 980 iudaeis
218 925 282 994 jura
303 937 430 978 concessa
451 938 509 977 asse
530 938 633 993 aroge

110 1017 270 1090 Vespasiano,
291 1017 487 1077 interveniente
505 1016 635 1088 dosepho,

111 1113 195 1168 cuiTiti
205 1112 254 1168 filii
265 1128 280 1167 a
292 1113 528 1169 vehementissimo
539 1113 634 1168 morbo

109 1208 177 1264 sanati
191 1224 242 1264 rex
256 1193 371 1279 gratiam
386 1207 518 1263 habuerit.
624 1276 626 1279 Ι

151 1295 180 1360 In
193 1303 271 1360 emtis
288 1302 369 1358 rebus
386 1302 492 1358 turtinis
510 1302 554 1359 uei
570 1301 634 1358 uio-

108 1399 178 1454 lenter
198 1398 295 1455 ablatis
311 1415 391 1472 pares
412 1396 564 1454 christianis
581 1397 635 1453 luo-

109 1494 205 1551 uinibus
223 1493 343 1552 Judaeos
361 1494 466 1564 haberi,
486 1491 635 1565 eademque

109 1605 149 1661 quo
173 1589 211 1645 itti
237 1588 318 1645 modo
343 1589 541 1645 convincendos
560 1603 634 1657 essc3

109 1683 207 1756 denique
221 1685 243 1741 si
256 1684 366 1757 pignori
378 1701 436 1740 rem
446 1685 572 1740 furtivam
587 1700 636 1739 ac-

110 1781 216 1852 ceperint
232 1780 300 1837 siout
317 1779 343 1837 in
358 1780 518 1837 christianos
532 1779 635 1853 pigno·

110 1889 156 1930 rum
183 1874 333 1932 creditores
360 1875 403 1932 rei
428 1875 635 1932 vindicationem

111 1967 202 2026 domino
223 1976 387 2045 competere.

154 2065 210 2122 dam
242 2082 328 2137 vero,
363 2066 434 2138 quod
467 2082 634 2140 nequaquam

111 2157 252 2216 laudandum
278 2161 327 2233 sit,
352 2161 467 2236 pecunia
488 2162 549 2218 datu
572 2179 634 2218 me-

113 2252 192 2312 liorem
213 2255 266 2314 sibi
287 2256 468 2314 conditionem
488 2274 503 2313 a
524 2258 635 2328 regibus

114 2349 252 2408 obtinuisse.
288 2351 339 2420 Qui
363 2353 431 2408 enim
451 2352 568 2410 budaeus
588 2354 634 2408 lu-

114 2450 174 2501 cente
197 2445 241 2503 die
268 2463 361 2503 coram
391 2448 502 2504 aedibus
528 2449 555 2505 in
579 2449 634 2504 ho-

114 2537 193 2597 minum
228 2550 376 2616 conspeetu
413 2560 471 2599 rem
510 2543 635 2600 furtivam

114 2632 203 2705 pignori
236 2639 375 2709 acceperit
403 2638 549 2695 uindicanti
581 2639 634 2695 do-

116 2727 170 2785 mino
187 2731 330 2789 restituere
348 2750 406 2789 eam
423 2750 477 2791 non
492 2733 566 2806 cogi,
585 2734 636 2790 nisi

116 2825 236 2892 pecuniam
253 2828 382 2885 creditam
400 2829 516 2903 recipiat
536 2831 634 2907 absque

116 2922 192 2978 usuris.

159 3015 217 3072 Rem
231 3012 338 3090 publice
352 3017 462 3091 pignori
476 3020 564 3075 datam
579 3037 636 3076 esse

117 3109 215 3175 probare
228 3113 359 3169 Judaeum
375 3114 476 3170 debere
494 3116 548 3186 jur
558 3133 572 3169 e
576 3116 635 3186 ju-

118 3205 219 3279 raudo,
245 3207 348 3265 duobus
376 3208 499 3265 adhibitis
520 3210 636 3282 jurisju-

118 3298 177 3355 randi
196 3303 336 3359 comitibus
350 3304 469 3375 ‚Iudaeis
490 3311 535 3360 aut
550 3304 637 3360 altero

119 3387 211 3468 duduco,
231 3398 318 3454 altero
339 3398 497 3483 Christiane.

162 3489 207 3546 Res
226 3493 252 3548 in
274 3493 449 3550 eeclesiarum
471 3511 545 3549 usunr
567 3510 636 3550 eou-

120 3591 232 3658 socratas,
259 3588 282 3643 si
307 3605 398 3644 earum
420 3589 519 3645 furtum
539 3589 636 3644 factum

120 3671 155 3744 uit7
176 3682 244 3737 nulla
269 3682 360 3738 habita
383 3684 514 3756 pecuniae
535 3684 638 3740 solutae

120 3770 204 3831 ratione
233 3775 405 3833 uindicandas
434 3779 512 3833 etiam
545 3785 639 3835 contra

120 3857 215 3926 Judaeos
245 3888 312 3928 esse.
358 3872 422 3928 Rem
450 3873 472 3929 si
502 3875 638 3946 accepisse

120 3952 215 4022 budaeus
234 3966 303 4022 ialso
325 3968 481 4039 negaverit,
507 3985 559 4042 pro
580 3968 639 4025 fure

736 825 862 897 „Discere
879 827 966 883 erede
983 826 1090 897 irwcrs
1102 844 1155 887 one
1170 828 1226 884 Jo-

685 922 789 995 scpdus
809 922 902 978 weder
923 922 976 978 dem
996 921 1100 996 dominu
1117 923 1224 994 Vespa-

686 1018 805 1074 sianum.
827 1019 864 1074 do
877 1016 929 1074 ber
942 1016 1023 1073 sicca
1038 1034 1127 1073 sorren
1142 1018 1225 1090 Tutus

685 1120 789 1187 cesant
807 1112 943 1170 macheda
962 1128 1016 1168 oon
1038 1112 1089 1168 dor
1105 1106 1192 1168 iebt.’'

737 2067 884 2140 Parumper
900 2065 1008 2122 inverso
1024 2065 1119 2123 ordine
1136 2066 1229 2122 loeoe

686 2162 800 2235 regione
817 2162 906 2235 posito
920 2161 1084 2235 respondent
1096 2162 1195 2217 uerba:

737 2257 873 2330 „ttooptt
899 2257 944 2314 die
968 2257 1036 2314 iude
1062 2259 1132 2314 oder
1151 2264 1228 2330 oymt

686 2355 739 2412 der
751 2371 788 2411 ac
800 2353 916 2426 pbaade
931 2353 1029 2409 lsellsbe
1046 2354 1116 2409 oder
1130 2352 1227 2408 bucbe.

688 2451 759 2507 oder
772 2467 872 2523 qemoe.
895 2448 933 2504 da
951 2447 1003 2503 ber
1017 2448 1155 2504 rodebecco
1171 2464 1228 2503 me-

687 2563 740 2603 rca
759 2562 813 2602 coe
833 2544 892 2600 bot.
914 2542 1106 2603 strumenta
1127 2542 1229 2600 beroea

688 2642 767 2699 staec
779 2656 879 2697 mereo.
898 2655 961 2694 mea
974 2638 1078 2695 ricbtct
1090 2635 1161 2694 uber
1174 2638 1229 2694 iac.

688 2736 748 2793 adse
767 2734 838 2792 uber
854 2749 942 2808 cyneo
958 2733 1026 2803 dies.
1054 2733 1151 2788 Swaa
1173 2732 1230 2790 die

687 2831 769 2887 dude
794 2828 897 2898 doust
924 2810 1083 2884 nuderis
1101 2828 1228 2901 dimqes

687 2924 909 2982 umoorbodeo
923 2920 1016 2980 uode
1034 2930 1229 2979 oaoorsto-

689 3022 743 3077 leo
769 3019 797 3075 bi
822 3027 903 3094 toyes
930 3017 1021 3074 liobte.
1052 3019 1127 3074 uode
1151 3017 1230 3074 miobt

688 3114 718 3171 in
734 3115 977 3190 besobloasencane
996 3114 1057 3169 dus.
1079 3112 1230 3183 moriter

688 3209 764 3267 selbo
785 3210 873 3266 dritte
893 3209 1040 3283 dctbuqcn.
1065 3192 1117 3266 lucr
1137 3207 1232 3265 beluodt

688 3305 750 3360 siae
765 3304 926 3378 pbeooinqe
941 3306 979 3360 do
996 3321 1042 3360 oo.
1063 3306 1111 3360 die
1126 3304 1177 3359 ber
1191 3305 1230 3358 dc

688 3416 779 3456 omme
793 3399 871 3473 quud
886 3381 957 3455 oder
973 3396 1087 3454 dieder
1102 3399 1141 3453 dc
1156 3397 1232 3468 opbe

689 3495 795 3561 tede.¹)
822 3493 857 3550 ob
886 3493 915 3549 iz
943 3493 999 3549 mol
1025 3493 1163 3549 otrstolen
1192 3493 1227 3548 is.

691 3587 857 3663 bridi-ymo
886 3605 925 3644 ao
953 3589 1032 3644 mmo
1065 3587 1150 3661 tboqe
1179 3587 1231 3643 ber

690 3684 805 3741 obstrusit
824 3677 1090 3756 sioe.pbconio90.''
1124 3710 1126 3715 v

181 4197 210 4268 1)
229 4200 330 4258 Verbis
350 4201 413 4272 „die
426 4202 476 4257 her
490 4201 523 4258 da
538 4199 702 4276 upha‘tsdd'
722 4204 861 4260 immemor
878 4207 919 4257 ast
939 4200 1080 4258 saxonicus
1101 4199 1231 4272 scriptor,

121 4283 268 4354 substituisse
294 4313 324 4352 sa
347 4313 392 4352 res
419 4303 503 4354 emtas
527 4298 609 4353 rebus
629 4299 753 4372 pignoris
773 4299 836 4356 loco
856 4297 991 4371 acceptis,
1018 4295 1051 4354 ad
1075 4304 1140 4370 quas
1161 4294 1231 4352 solas

120 4386 359 4452 tenuabimus
378 4392 442 4451 libri
461 4391 600 4451 sententia.
