2722 4898
116 527 327 596 Qniseatentiam
341 527 369 586 in
384 527 520 604 superiori
534 546 585 587 cu·
689 518 816 606 „impet
839 546 902 589 mea
927 548 1017 607 waes
1038 551 1105 591 moa
1123 551 1177 592 ur-

76 622 105 678 ria
118 622 281 680 reformatum
300 623 386 697 dixit,
405 629 512 682 tenetm
531 631 586 681 tum
639 626 691 684 tels
719 627 795 684 uode
823 626 883 682 ciat
911 626 964 684 bea
990 630 1067 686 suet
1096 631 1178 688 umes

77 718 207 790 prouocanti
221 735 299 791 quam
315 718 341 775 ei
357 719 400 792 qui
416 725 525 792 praeest
534 721 584 791 jn·
637 719 738 777 abaco
756 737 789 778 so
809 720 862 778 ter
875 721 903 778 a's
923 722 1028 780 reclusis
1048 724 1124 781 uus.
1146 726 1177 783 ol

80 864 252 877 ..--.----—

199 948 298 1023 „nater
310 949 398 1008 bande
411 951 489 1008 recht
501 949 643 1010 bebieiden
658 952 702 1010 die
715 968 807 1011 sussen
821 952 914 1010 weder
924 953 1019 1010 Karios
1031 954 1130 1012 witten.
1139 984 1176 998 -

163 1046 215 1102 naa
230 1045 313 1102 dritte
328 1044 361 1103 is.
381 1045 430 1102 dun
450 1062 510 1103 meu
529 1046 625 1104 nioben
645 1047 715 1104 urtei
736 1063 768 1105 so
788 1048 865 1105 recbt
881 1064 934 1105 vor
953 1064 996 1104 rue
1015 1048 1091 1106 riche
1110 1050 1175 1106 bin-

162 1157 211 1197 nan
231 1156 321 1197 sussen
339 1156 374 1196 ne
393 1139 458 1197 nint.
479 1140 527 1198 wit
546 1141 572 1197 in
592 1157 644 1213 epu
664 1157 735 1199 suase
756 1141 890 1199 acbeideu.
913 1142 983 1200 unde
1002 1143 1061 1199 tbut
1080 1144 1130 1200 ber
1150 1144 1175 1200 in

162 1250 193 1292 un
208 1234 414 1315 sine-vorderen
427 1234 499 1292 bant.
520 1234 590 1292 unde
610 1253 643 1293 an
664 1235 708 1292 die
728 1253 835 1293 mercen
854 1253 977 1308 menneo.
998 1237 1068 1295 unde
1081 1238 1175 1295 weder

162 1330 270 1386 vucbtet
290 1345 321 1386 er
341 1328 390 1385 dun
410 1330 480 1387 ortel
500 1329 577 1387 selbe
597 1330 714 1388 sevende
733 1330 830 1389 woden
850 1331 934 1389 ander
954 1332 1079 1412 seveode
1104 1348 1175 1389 awar

162 1425 194 1481 de
214 1439 303 1480 menne
323 1440 420 1495 menye
439 1431 561 1496 geseget.
583 1425 617 1482 de
636 1424 683 1482 bat
702 1424 752 1482 dun
772 1427 843 1483 urtei
863 1426 1027 1484 bebaiden.''

128 1519 162 1575 De
180 1535 259 1574 causa
279 1533 372 1574 coram
391 1519 532 1593 superiore
547 1519 640 1592 judice
660 1536 710 1593 per
729 1520 846 1594 plurium
866 1521 1010 1578 sententias
1030 1521 1175 1578 obtinentia

75 1611 231 1687 interpretrari
257 1619 399 1685 utrumque
423 1613 513 1671 locum
537 1620 648 1671 conatus
673 1621 726 1671 est:
752 1615 937 1672 iteckbucb
963 1617 1174 1688 Anmerkuogen

73 1708 133 1764 neten
150 1708 199 1764 den
219 1706 445 1781 sachsenspiegel
465 1726 491 1782 p.
508 1708 564 1766 106
584 1696 616 1764 et
631 1708 697 1766 ³68.
731 1709 838 1766 tatinus
859 1716 947 1766 autem
966 1710 1069 1783 speculi
1089 1726 1174 1766 euxo-

71 1801 108 1858 nici
122 1803 250 1877 interpres
271 1809 298 1857 et
317 1809 464 1875 perpetuae
490 1803 516 1859 in
541 1803 638 1859 librum
659 1804 888 1861 commentationis
908 1808 1002 1860 auctor
1023 1804 1175 1876 intelligunt

70 1898 129 1954 rerba
148 1896 347 1954 ‹te-certamine
367 1897 560 1970 interceptum
580 1898 703 1970 utrinqne
723 1914 852 1972 personas
873 1897 954 1954 armis
974 1897 1174 1970 committendo,

68 2004 102 2046 nec
117 1993 158 2066 qui
182 1999 277 2066 postea
303 1991 336 2048 dc
362 1991 472 2065 antiquo
498 1992 569 2065 apud
592 1991 714 2050 Saxones
735 1993 897 2065 judiciorum
923 2009 972 2048 nsu
998 1981 1174 2065 icripmrunt,

66 2081 112 2142 iicet
128 2086 318 2144 subobscurius
338 2086 557 2144 consuetudinem
580 2086 729 2160 expositum
755 2104 815 2144 esse
842 2093 1034 2159 agnoscentes,
1061 2087 1095 2144 de
1115 2087 1174 2161 ipsa
1240 2151 1245 2157 ,

65 2182 133 2243 tanen
148 2182 189 2238 rei
210 2181 327 2239 ueritate
348 2180 472 2238 dubitare
492 2181 548 2237 ausi
568 2188 635 2239 sunt.

119 2278 214 2334 Fateor
231 2277 337 2333 minime
352 2277 462 2349 placere
482 2274 545 2331 mibi
565 2275 706 2347 rationem,
726 2292 778 2349 qna
794 2282 887 2333 contra
901 2276 1034 2350 pessimae
1051 2292 1173 2333 consue-

62 2369 137 2428 tudinis
156 2370 396 2446 reprehensionem
416 2371 461 2441 jus
486 2369 641 2426 saxonicum
668 2369 816 2427 defendere
839 2388 869 2427 se
890 2387 969 2443 posse
996 2373 1111 2428 confisus
1132 2379 1173 2429 est

60 2461 184 2537 teitaun,
208 2482 260 2522 nec
279 2465 399 2521 saxonici
419 2464 560 2538 scriptoris
580 2464 680 2535 uerba,
705 2470 788 2537 prout
809 2465 1041 2538 nuncupentur,
1065 2466 1099 2522 de
1120 2467 1173 2525 atio

60 2575 117 2630 quan
134 2576 202 2618 vero
223 2575 358 2616 armorum
378 2559 504 2617 conflictu
527 2558 685 2632 accipienda
706 2576 765 2615 esse
784 2576 858 2617 reor.
897 2561 988 2631 Longe
1008 2566 1097 2617 tumen
1117 2561 1170 2617 ab·

59 2667 107 2724 un,
124 2655 188 2727 quia
207 2653 265 2710 istis
284 2653 424 2724 assentiar,
445 2653 491 2726 qui
511 2654 537 2710 in
558 2652 719 2710 aestimanda
740 2654 859 2710 saxonici
880 2654 1020 2726 scriptoris
1040 2654 1092 2711 tide
1109 2655 1170 2728 plus

59 2760 125 2820 aequo
143 2747 272 2806 credulos
293 2765 323 2804 se
342 2748 527 2804 exbibuerunt.

115 2842 215 2901 causus
234 2848 323 2900 autem
342 2841 512 2916 explicatum
532 2858 616 2914 quae,
642 2841 706 2898 licet
729 2841 842 2898 forsitan
862 2858 915 2898 non
935 2841 1084 2914 utriusque,
1104 2859 1170 2898 cer·
1243 2880 1246 2885 -

57 2934 135 2995 tissime
159 2945 250 2995 tamen
274 2920 511 3010 priorissaliegati
538 2952 619 3009 supra
644 2935 698 2992 loci
722 2936 900 3009 scriptorem,
924 2942 954 2992 ut
976 2953 1034 2993 rem
1054 2937 1170 2993 omnium

57 3027 229 3104 ineptissimum
248 3030 379 3101 traderet,
398 3029 569 3101 induxerunt,
589 3030 670 3104 paolo
686 3031 764 3086 latius
782 3031 827 3087 bic
841 3030 876 3087 aie
890 3031 1015 3104 proiecto
1028 3047 1043 3087 a
1057 3038 1170 3105 septen-

57 3125 158 3183 trionalis
176 3125 303 3199 Europae
322 3124 475 3181 notionibus
493 3123 639 3197 judiciario
661 3125 807 3181 certamine
827 3125 891 3181 mibi
911 3126 1087 3200 repetendum
1107 3127 1169 3197 erit,

56 3220 88 3276 ted
104 3219 261 3278 brevissime
279 3225 379 3276 tanum
398 3219 534 3290 indicabo,
553 3235 622 3291 quae
642 3219 755 3276 eandem
775 3221 809 3276 ad
829 3236 886 3276 rem
902 3221 959 3291 jam
979 3220 1038 3276 aliis
1057 3222 1083 3277 in
1100 3221 1170 3277 loeis

55 3313 136 3382 nimbo
156 3314 271 3388 exposui
292 3313 410 3387 (system
429 3312 482 3370 und
503 3312 598 3370 Gescb.
614 3313 662 3369 des
680 3313 763 3370 iruna.
778 3313 1077 3385 Civilproeessrecbtes‚
1097 3315 1127 3370 B.
1143 3314 1169 3385 1,

55 3407 129 3482 tibp
149 3409 295 3482 tiusprnng
313 3407 367 3464 und
387 3407 486 3466 Werth
506 3407 555 3464 der
574 3406 882 3477 (iesobworuonanstait
901 3424 929 3479 p.
943 3407 1003 3474 23).

111 3505 228 3561 botoron
240 3503 376 3574 grauioris
389 3503 455 3560 beili
469 3507 579 3558 eventus
593 3502 740 3575 explanare
754 3503 897 3558 commisso
908 3500 1009 3575 captivi
1024 3502 1082 3573 ejus
1096 3518 1168 3574 gen-

53 3592 149 3668 iscum
160 3614 215 3671 qua
228 3596 328 3654 bellum
342 3596 559 3668 senectutique
573 3596 743 3668 popularium
756 3597 903 3653 certamine
917 3596 1105 3667 antiquissimis
1112 3598 1170 3669 jam

52 3691 201 3766 tenporibus
214 3690 284 3765 apud
294 3689 440 3748 Germanos
454 3690 537 3747 moris
550 3689 630 3746 inisse
643 3695 756 3746 testatur
767 3691 875 3746 Tacitus
886 3689 1044 3747 Germaniae
1058 3707 1119 3765 cap.
1132 3692 1169 3747 10

50 3786 84 3843 nb
99 3787 144 3846 bn.
180 3786 295 3844 Occnite
314 3791 401 3843 autem
421 3784 555 3842 commissi
576 3785 696 3841 oriminis
716 3784 807 3841 divim
831 3784 931 3841 indicia
951 3785 979 3841 in
999 3783 1058 3841 aliis
1078 3787 1168 3858 potins

10 3896 12 3901 ·
48 3879 162 3948 periculis
184 3881 367 3953 querebantur
390 3880 495 3950 (aenei,
515 3878 581 3935 iorni
601 3879 753 3951 candentis,
774 3895 896 3951 quaeque
918 3878 945 3934 id
966 3894 1050 3949 genus
1070 3881 1168 3937 similia

46 3975 232 4048 reperiemur),
250 3974 295 4031 cui
309 3974 430 4030 examini
449 3973 603 4030 sustinendo
617 3974 688 4030 solus
703 3974 896 4045 subjiciebatur
910 3988 982 4044 reus,
1003 3990 1081 4045 quem
1097 3991 1166 4031 con-

45 4068 142 4126 vincere
161 4075 241 4126 sotor
261 4067 403 4125 sufficienti
422 4068 529 4124 testium
548 4083 659 4124 numero
680 4083 732 4124 oon
752 4072 853 4140 posset.
883 4066 928 4122 Ad
939 4083 1083 4124 *armornm
1098 4084 1164 4125 vero

41 4169 132 4220 mrtem
152 4162 304 4235 coningere
323 4169 378 4219 tum
397 4162 512 4218 maxime
532 4163 678 4234 majoribus
698 4163 796 4218 uostris
809 4161 850 4217 ias
863 4167 932 4232 erat,
952 4178 1033 4233 quum
1047 4164 1164 4233 autinna

38 4259 253 4330 probationem,
273 4257 368 4330 quibus
387 4258 591 4315 controversiae
611 4257 765 4327 linirentur,
785 4254 960 4326 deficiebant,
980 4262 1025 4313 aut
1044 4256 1163 4312 homici-

36 4351 119 4426 dium,
146 4351 313 4410 mendaciise
331 4351 482 4428 opprobrio
502 4351 576 4409 iliata
597 4351 684 4410 actori
705 4352 747 4411 vel
767 4349 830 4408 testi
852 4352 1014 4408 contumelia
1033 4350 1163 4416 consertis
