2722 4898
613 96 794 207 e‘

906 236 946 339 a

560 347 604 361 -
657 311 682 376 9
729 332 783 373 aa.
892 374 949 441 ”³¹5
972 378 984 429 ..⁶

98 488 153 550 illo
177 502 271 568 opere
293 504 349 568 per
371 485 524 552 Saxoniae
543 496 645 569 partes
667 488 697 549 in
713 487 971 577 habendis-extra
994 470 1131 555 civiletes
1148 488 1234 572 prdi-

99 592 157 654 ciis
181 592 259 653 scitu
282 592 416 672 inprimis
438 593 615 656 necessaria
639 598 848 671 occurrerent,
871 594 987 675 regulis
1005 613 1084 673 quiae
1101 613 1141 655 ex
1164 614 1234 656 mu-

100 739 309 747 -—--—---—-<

308 816 361 872 Das
382 832 412 871 er
432 817 489 872 sein
510 817 548 872 sel
568 817 648 874 weiss

307 912 336 967 lu
357 911 404 967 das
423 911 485 967 fron
504 913 657 985 paradeiss3

307 1005 353 1061 blit
373 1007 424 1062 den
445 1008 592 1079 gerecbten
613 1007 794 1078 ewigklciche

307 1101 336 1156 ln
355 1109 416 1174 gott
435 1119 481 1175 sey
500 1102 524 1158 ir
545 1103 623 1159 lrcud
643 1103 750 1172 reiche3

307 1196 366 1252 Und
384 1197 547 1264 beschliesse
568 1215 605 1270 yn
625 1198 729 1266 lurein,

307 1292 358 1347 llas
379 1309 409 1348 er
430 1293 472 1348 ein
492 1311 539 1349 sun
559 1300 649 1369 gottcs
669 1299 733 1364 mog
753 1309 827 1362 seyr.
930 1370 931 1374 Ἰ

307 1387 374 1458 Scyt
394 1388 451 1443 sein
471 1388 593 1459 genadeu
614 1388 672 1444 sind
693 1404 723 1444 so
743 1387 829 1461 raiae,

305 1481 362 1537 Den
383 1498 435 1538 von
454 1483 679 1541 Francheusteine
701 1483 732 1552 (l.
747 1482 950 1567 Falkeusteine]

306 1577 360 1634 'lue
381 1595 417 1648 yn
438 1578 532 1634 deiner
553 1579 656 1650 seligeu
680 1595 779 1649 genoss

306 1671 365 1728 Und
386 1679 441 1729 seta
461 1691 498 1744 yn
520 1674 546 1730 in
566 1675 715 1731 Abrahams
736 1675 837 1743 schosa

232 1835 236 1840 ¹
306 1766 395 1823 Wann
416 1784 468 1824 von
489 1770 577 1825 seiher
597 1771 643 1826 bct
665 1770 818 1842 geschchen
839 1768 872 1822 ist

305 1862 358 1918 Das
379 1880 439 1919 man
460 1865 546 1921 dieses
566 1865 655 1920 buoch
674 1865 823 1920 teuscblist.

306 1957 357 2012 llet
377 1965 437 2029 gott
458 1976 490 2015 au
510 1960 583 2015 mich
603 1959 715 2031 geleget
734 1959 814 2014 kunst
834 1958 887 2013 und
908 1957 1055 2026 u'epssbcit

592 2127 595 2132 .
627 2054 677 2110 der
697 2055 741 2111 ich
761 2054 847 2110 leider
868 2069 919 2109 one
939 2054 1004 2123 byn,

307 2145 344 2203 So
365 2147 444 2203 wollt
463 2147 508 2203 ich
528 2165 612 2220 gerne
633 2149 738 2206 mciuen
758 2167 807 2219 syn

306 2240 353 2297 blit
371 2241 463 2303 lleisse
480 2243 564 2300 daran
578 2244 678 2315 lieren,

233 2398 236 2407 ¹
306 2335 410 2392 Herren
430 2338 522 2394 Echen
541 2346 614 2396 wort
635 2356 735 2408 meren.

308 2430 370 2488 Von
391 2432 442 2487 den
462 2434 569 2504 gnaden
589 2441 680 2505 gottes
700 2435 752 2492 und
774 2452 842 2504 sepo

308 2525 345 2582 So
366 2527 400 2582 ist
421 2528 473 2583 diss
493 2529 584 2585 buoch
604 2530 717 2586 worden
737 2531 814 2586 mein.

304 2621 363 2678 Nun
383 2622 465 2678 weiss
486 2623 529 2679 ich
550 2624 588 2679 nit
608 2625 741 2696 sprechen
761 2642 831 2695 mee,

307 2714 370 2772 Gott
390 2719 460 2788 gebe
481 2718 542 2773 dass
564 2719 620 2774 sein
640 2719 697 2774 will
718 2735 812 2791 argee,
881 2700 884 2707 ¹

238 2808 242 2827 '
305 2811 358 2867 Das
378 2813 435 2868 sein
455 2828 550 2884 grosse
571 2813 726 2885 neysshein

305 2906 355 2962 llic
375 2914 424 2979 got
445 2925 478 2965 arr
499 2926 533 2978 yn
553 2909 599 2964 het
619 2908 697 2979 gleb,

275 3032 277 3037 ·
305 3001 344 3056 Zu
364 3003 452 3058 sciner
473 3020 575 3060 massen
594 3004 728 3075 hummen,

306 3096 380 3153 bede
400 3115 433 3153 zu
453 3099 578 3170 genaden
598 3100 651 3155 und
672 3117 704 3155 zu
724 3095 881 3154 frammen.”

175 3189 333 3264 Plerumque
353 3193 406 3248 boc
427 3210 535 3250 carmen
556 3195 657 3266 legitur
677 3196 703 3251 in
727 3194 816 3250 fronte
836 3192 970 3248 annalium
989 3191 1161 3262 breviorum,
1189 3192 1233 3262 qui

95 3284 245 3341 subtituto
266 3286 415 3356 „chronica
434 3289 468 3345 de
488 3296 612 3362 temporo
633 3289 778 3346 creationis
799 3287 906 3344 mundi'
926 3286 988 3343 inde
1014 3288 1047 3342 ab
1068 3287 1234 3358 imperatore

95 3378 198 3436 Ottone
219 3380 307 3454 primo
329 3384 513 3440 memorabilia
534 3385 669 3442 ecclesiae
693 3383 933 3455 magdeburgensis
954 3382 1123 3454 potiusquam
1143 3398 1232 3436 rerum

93 3473 124 3530 in
146 3476 213 3530 orbe
228 3483 366 3547 gestarum
379 3479 519 3535 historiam
540 3481 697 3536 exhibentes
711 3479 850 3555 praemitti
864 3479 951 3534 solent
971 3477 1042 3532 libro
1058 3475 1129 3547 juris
1149 3492 1234 3532 saxo-

94 3569 152 3625 nici
172 3571 352 3645 municipalis,
372 3580 400 3630 et
419 3574 586 3631 deducuntur
608 3575 641 3631 ad
655 3574 830 3631 Wilhelmum
851 3592 943 3646 usqne,
964 3571 1008 3644 qui
1028 3588 1062 3649 err
1076 3572 1235 3628 llollandiae

96 3665 197 3722 comite
218 3665 376 3724 Germaniae
396 3686 446 3725 rex
467 3671 568 3727 electus
589 3678 637 3729 est.
707 3694 716 3709 ·

176 3760 215 3817 Ne
240 3763 327 3819 verbo
353 3764 460 3835 quidem
485 3766 585 3822 indicat
608 3767 662 3822 boc
688 3760 798 3822 carmeli
818 3765 864 3836 jus
889 3762 1048 3835 municipale
1069 3763 1234 3833 saxonicum,

94 3860 143 3909 aut
164 3872 348 3930 quemcunque
369 3861 476 3917 omnino
496 3861 566 3932 juris
591 3848 813 3931 libnmffl
835 3860 956 3915 tribuere
976 3858 1095 3916 voluisse
1116 3864 1234 3931 poetam,

94 3949 146 4021 qui
165 3952 293 4022 majorem
313 3954 429 4012 Eeconis
450 3963 477 4012 et
497 3956 653 4013 breviorem
674 3955 936 4027 magdeburgensem
957 3953 1058 4010 hancce
1080 3952 1234 4008 chronicam

96 4045 265 4104 confundens
291 4050 394 4107 veniam
422 4052 494 4123 qnod
519 4052 633 4108 Ecconis
660 4067 727 4124 opus
752 4067 853 4121 angere
880 4055 991 4104 conatus
1016 4049 1138 4118 nonsit,
1163 4047 1234 4101 nulla

93 4139 151 4194 alia
173 4140 206 4196 de
228 4159 306 4201 causa
323 4144 431 4203 ridetur
448 4148 605 4218 expetiisse⁷
626 4162 703 4218 quam
721 4146 793 4216 quod
814 4144 921 4200 annales
941 4161 994 4200 non
1012 4143 1045 4199 ad
1066 4159 1138 4199 suam
1155 4148 1233 4196 aeta-

95 4241 154 4291 tem
175 4220 544 4317 coutinuafi'susccperit.

179 4331 244 4392 Cum
269 4342 357 4394 autem
373 4337 424 4409 'jus
451 4337 611 4412 municipale
637 4345 664 4394 et
690 4338 844 4394 saxonicum
869 4336 941 4409 quod
963 4341 1074 4393 vocatur
1095 4331 1233 4407 speculum

1322 3790 1360 3881 ζ.
