2722 4898
597 343 812 407 ..35-

197 499 358 571 Canutrii.
375 502 419 559 Ad
430 507 524 580 eapitis
533 509 568 566 10
580 515 677 570 verba:

141 592 677 665 „atemantetatenmueatsrectats.”

191 713 218 767 tn
243 716 325 770 rebus
350 720 460 776 creditis
486 728 672 784 conventioni-

139 808 235 878 bueque
262 809 341 866 iidem
358 816 525 872 servandam
545 837 614 877 esse.
646 824 675 879 Si

137 918 194 957 rens
208 901 367 976 diffiteatur,
387 907 590 979 legitimisanm
605 933 674 987 pm-

137 996 284 1052 dationibus
299 1001 494 1060 annviueadnsn
514 1025 582 1064 ense.
608 1011 674 1066 Jus-

134 1091 273 1160 jurandum
304 1110 371 1150 vero
404 1099 589 1172 recipiendum
621 1123 674 1162 nan

136 1201 198 1255 asse,
219 1188 341 1259 exeeptis
356 1192 516 1262 capitalibus
533 1199 631 1269 nausis,
651 1203 673 1256 si

136 1295 173 1334 res
193 1297 287 1337 eoram
304 1283 397 1353 judice
418 1295 494 1357 gesta
515 1291 548 1346 sit
561 1296 597 1362 ¹).

193 1427 313 1510 Caput
334 1431 368 1493 tt
395 1433 573 1501 litbete.
603 1441 668 1505 Lo-

135 1549 195 1594 eum
218 1535 275 1598 sub
298 1535 380 1626 litb
408 1539 506 1621 phalam
534 1551 581 1606 est
609 1565 669 1607 ex-

134 1633 230 1718 hibere
249 1631 545 1707 observatiuneuiam
563 1647 601 1709 ad
617 1649 669 1711 ln-

135 1756 194 1800 eum
217 1742 270 1819 qui
291 1743 441 1825 sequitui,
466 1765 507 1809 ex
529 1752 667 1833 margine

133 1841 248 1906 inverse
291 1846 397 1908 ordine
433 1847 463 1910 in
505 1853 665 1917 continuae

132 1947 298 2024 scriptionis
341 1951 452 2012 seriem
494 1963 664 2037 receptam,

133 2065 184 2127 qua
212 2050 250 2112 de
285 2068 379 2115 cansa
412 2055 570 2136 utriusque
604 2059 666 2121 loci
696 2046 701 2055 ¹

132 2161 335 2235 argumentum
353 2157 391 2221 ad
406 2176 512 2221 verum
528 2162 667 2226 ordinem

130 2265 300 2321 revocatum
322 2258 592 2346 hiesuitjungam:

185 2359 243 2424 Lit.
260 2378 292 2423 e·
322 2361 379 2427 Ubi
399 2372 516 2445 septem
537 2369 662 2433 testibus

129 2479 199 2542 epus
213 2463 252 2526 sit
263 2466 438 2529 tantundem
450 2486 487 2531 ae
499 2468 558 2533 dno
571 2475 661 2535 testi-

127 2565 661 2657 neniavalereJ'udieispraeeeuisve

128 2666 240 2732 dietum.

119 3398 324 3412 ..-m—...-

786 741 845 794 Art.
858 741 882 794 7.
904 742 986 808 „Sane
999 746 1071 800 icdts
1085 747 1185 822 dorqet
1198 754 1269 808 oder

728 830 797 885 lenit
810 829 874 886 τ’)

778 2371 894 2448 „Saena
922 2374 978 2436 iter
1004 2393 1082 2437 aner
1113 2395 1171 2438 ner
1196 2397 1256 2456 ya-

713 2475 822 2536 ra'ette‘
838 2482 885 2537 tat
903 2475 963 2538 dez
984 2484 1131 2557 nerznqet
1152 2480 1185 2539 tn
1204 2480 1255 2549 die

713 2578 921 2658 antewetdiye
935 2579 991 2640 mit
1006 2598 1093 2640 swan
1110 2599 1253 2643 mannen.

713 2679 795 2742 ande
807 2681 859 2742 dia
874 2681 1010 2744 riettera
1024 2682 1075 2743 snt
1088 2679 1141 2742 die
1157 2682 1253 2746 dritta

712 2783 783 2844 ποῖ’
796 2784 840 2855 ²).

770 2894 878 2964 ‚‚Swer
904 2910 971 2952 mun
995 2909 1066 2949 ever
1090 2893 1173 2967 etym
1196 2891 1254 2966 nist

712 2989 784 3045 oder
796 2996 881 3046 satzt,
902 2989 973 3046 oder
986 2988 1067 3045 daea
1082 3003 1183 3043 manna
1195 3003 1251 3043 aa·

710 3101 766 3156 qen
784 3085 837 3141 wel
850 3100 894 3140 an
913 3083 959 3142 sin
978 3078 1088 3140 rectt’'.·

768 3188 798 3242 ln
812 3186 959 3243 alienandis
974 3184 1154 3241 immobilibus
1172 3185 1251 3238 rebus

710 3286 738 3335 et
763 3280 924 3353 eapitaiibna
949 3280 1058 3352 judiciis
1082 3278 1117 3334 ad
1144 3275 1250 3348 plenam

117 3494 152 3532 ex
172 3478 269 3534 codiee
290 3484 377 3534 tamen
401 3495 454 3536 non
479 3484 620 3552 genuinam
644 3485 787 3542 lectionem
814 3486 957 3542 exhibente
978 3475 1161 3552 conscriptum
1181 3495 1249 3552 esse,

115 3573 188 3643 quod
215 3573 322 3628 maximi
348 3555 472 3630 momenti
500 3572 541 3634 est
566 3579 592 3633 in
616 3578 794 3651 dijudicandis
815 3581 944 3654 ejusmodi
963 3573 1117 3644 erroribus,
1143 3574 1248 3644 qualem

113 3665 216 3723 otiandi
236 3668 514 3727 in.ionn-da·LXXii
533 3673 645 3729 testibus
666 3691 747 3746 supra
767 3676 886 3748 probare
904 3674 1013 3725 conatus
1033 3684 1098 3723 sum·

194 3762 224 3830 1)
246 3763 394 3819 Saxomms
415 3765 534 3838 seriptnr
554 3768 581 3822 in
601 3784 635 3823 eo
656 3768 757 3840 differt,
776 3770 847 3841 quod
864 3763 967 3819 statuit:
993 3761 1077 3825 iieere
1097 3776 1147 3817 reo
1160 3778 1246 3868 me..

112 3857 176 3913 atita
191 3857 370 3928 jurisjurandi
391 3858 443 3915 tide
457 3859 571 3919 diffiteri
591 3879 648 3919 rem
668 3864 811 3928 creditam,
836 3859 887 3914 nisi
907 3872 951 3913 res
972 3871 1064 3913 eoram
1081 3855 1174 3927 judice
1195 3857 1247 3913 siin

113 3954 285 4009 commodata
305 3953 347 4010 sit

161 4088 164 4093 .
192 4047 223 4114 2)
246 4048 435 4106 Testimonium
458 4051 558 4122 judicis
583 4053 605 4109 si
625 4053 737 4103 duorum
762 4047 868 4103 testium
889 4044 967 4101 dietis
988 4044 1199 4148 aequiparatum
1219 4049 1246 4098 et

110 4141 236 4197 similiter
260 4143 365 4213 singula
393 4161 555 4203 assessorum
580 4142 730 4198 testimonia
757 4140 916 4197 tandnndem
942 4155 974 4194 ae
1000 4139 1116 4194 duorum·
1138 4143 1245 4192 testium

110 4237 187 4293 dieta
207 4237 312 4308 vatent,
325 4239 425 4311 *palam
450 4247 490 4296 est
509 4237 611 4308 judieis
632 4237 797 4308 duorumque
819 4249 980 4298 assessorum
999 4232 1152 4292 testimonia
1174 4247 1243 4287 ann-

109 4337 253 4393 numerata
274 4333 374 4389 actoris
395 4332 467 4388 dieto
488 4331 593 4407 septeni
614 4331 696 4387 instar
717 4327 860 4387 testimonii
881 4344 948 4384 esse.

996 4431 1039 4488 34}
