2722 4898
556 357 792 436 aetia

98 530 190 610 ›uuos‘
203 529 369 625 scriptores
384 528 512 616 vu'oua
528 522 876 623 rnroaorooeunquour.
900 528 949 604 ut
962 538 1069 622 capros
1085 527 1245 601 emmaus

109 648 219 711 verba:
249 644 330 727 „daz'
356 664 391 709 er
417 646 448 708 in
470 647 654 728 vangnivsse
677 634 730 709 trit.
761 644 806 707 ob
835 662 877 706 er
905 661 950 731 ze
976 640 1143 706 vurebte
1167 657 1246 725 ge-

110 740 262 833 vangeu
289 748 376 828 ist’'‚
393 748 444 812 ‘ob
470 747 643 831 argumenti
672 746 892 813 similitudinem
921 744 1111 825 maximeque
1140 749 1245 807 motus

109 851 227 917 verbis:
261 870 342 931 „von
370 851 475 914 rehter
503 849 610 914 vorhte
641 867 676 913 so
704 849 756 912 hat
789 849 853 913 sich
887 847 1076 932 eigeuscbalt
1104 845 1245 909 erhabeu

110 955 207 1016 unde
235 972 310 1016 von
341 952 532 1033 twangsal
566 952 664 1015 vnde
692 970 765 1014 von
793 953 1008 1034 sangnisse
1037 949 1138 1014 vnde
1168 967 1245 1013 von

109 1074 277 1140 mengem
294 1056 487 1120 'unrehten
515 1052 715 1137 gewalte'’,
742 1055 889 1117 lectorum
913 1053 1022 1133 aliquis
1045 1052 1245 1134 subjunxisse

110 1158 161 1222 aut
183 1159 385 1240 adscripsisse
407 1159 527 1222 videtur
549 1164 639 1242 caput
661 1155 741 1235 308,
769 1144 948 1237 conceptum
972 1156 1009 1219 ad
1032 1154 1245 1237 amplificanda

109 1261 205 1326 verba
222 1253 331 1343 eapitis
347 1259 403 1324 68:
427 1261 506 1341 „wir
526 1259 586 1322 han
610 1259 666 1322 daz
685 1277 747 1323 von
769 1257 825 1321 der
844 1259 947 1340 script.
972 1258 1029 1322 dez
1052 1258 1174 1322 nieman
1197 1255 1246 1320 sul

110 1366 202 1447 eigen
224 1364 280 1428 sin.
310 1363 390 1428 docb
417 1363 457 1428 ist
485 1382 521 1426 ez
551 1362 616 1426 also
644 1362 699 1424 dar
725 1362 836 1425 komen
858 1381 920 1426 von
941 1362 1072 1445 gewalte
1094 1359 1159 1424 und
1181 1376 1245 1424 von

109 1466 256 1530 twaucsal
280 1466 360 1530 ete.''

113 1565 115 1569 ⁴
195 1568 241 1631 lix
264 1570 400 1653 margine
424 1575 523 1632 autem
546 1568 651 1649 eapitis
674 1567 716 1629 68
739 1568 776 1630 ad
799 1568 915 1647 locum,
945 1567 996 1630 ubi
1017 1583 1097 1629 nune
1119 1565 1246 1648 legitur,

110 1670 285 1735 translatum
315 1679 434 1754 oportet
461 1688 531 1734 esse
561 1676 651 1752 caput
674 1669 736 1731 308
767 1687 805 1733 eo
835 1678 972 1752 tempore
1002 1686 1062 1749 quo
1092 1667 1247 1750 separatis

112 1764 209 1838 adbuc
224 1774 424 1839 voluminibus
441 1773 671 1837 continebantur
685 1773 848 1838 bavaricae
865 1771 1054 1835 collectionis
1069 1787 1142 1852 pars
1159 1770 1248 1852 prior

110 1883 142 1938 et
164 1879 398 1941 commentarius
417 1877 574 1940 iuCaroli
595 1877 697 1960 magui
713 1877 944 1940 constitutiones
968 1873 1047 1958 apud
1067 1872 1246 1937 'lheodonis

111 1978 211 2042 villam
233 1980 342 2044 editas.
414 2020 416 2023 v

196 2076 330 2166 Uterque
353 2084 517 2147 saxonicus
540 2085 672 2165 scriptor
694 2085 794 2148 locum
818 2083 856 2146 de
880 2081 1034 2146 servitutis
1058 2079 1181 2163 origine
1206 2097 1247 2142 ex

111 2173 177 2266 ipso
199 2182 346 2249 baiarico
361 2176 452 2271 ‘libro'
468 2186 578 2252 hausit.

115 2347 117 2350 ,
195 2285 278 2353 Juris
308 2276 494 2370 municipalis
523 2290 663 2353 saxonici
684 2290 872 2370 recognitor,
900 2289 950 2352 cui
978 2288 1127 2352 hodierna
1157 2286 1248 2369 hujus

110 2390 180 2474 libri
201 2391 298 2455 forma
314 2390 465 2472 debetur,
495 2410 645 2472 quemque
674 2394 792 2473 priores
821 2392 964 2455 articulos
992 2389 1145 2454 addidisse
1168 2408 1247 2470 pro-

111 2492 211 2556 babile
227 2502 283 2573 est,
307 2502 412 2576 aperto
427 2495 458 2556 id
476 2494 598 2575 indicat,
622 2495 756 2578 allegans
779 2501 810 2557 et
831 2494 963 2556 refutare
983 2500 1110 2557 conatus
1127 2493 1244 2556 locum:

111 2596 190 2675 „alle
206 2597 325 2660 dienest
341 2597 412 2660 livte
427 2597 567 2687 bcizzent
584 2600 635 2661 mit
657 2598 742 2661 rehte
765 2599 857 2680 eigen
879 2596 982 2660 livte.”
1015 2596 1131 2660 Neuter
1147 2614 1246 2660 saxo-

114 2698 200 2762 nicus
224 2700 357 2782 scriptor
378 2701 530 2784 integrum
551 2702 727 2765 bavaricum
755 2701 856 2764 locum
883 2699 1023 2777 exbibet,
1052 2700 1109 2762 sed
1139 2717 1244 2764 eorum

112 2803 320 2886 unusquisque
339 2802 398 2886 'pro
423 2806 514 2868 animi
537 2806 584 2868 sui
610 2804 761 2868 sententia
783 2802 933 2866 delectum
961 2801 1031 2865 inde
1055 2799 1142 2881 lecit,
1168 2800 1244 2883 juris

112 2907 299 2988 municipalis
313 2907 453 2970 saxonici
467 2907 599 2989 scriptor
615 2912 863 2990 argumentorum
876 2923 998 2986 quoque
1013 2904 1125 2968 ordine
1141 2912 1245 2968 trans-

112 3009 221 3089 posito,
244 3009 384 3072 saxonici
401 3009 480 3090 juris
503 3009 698 3090 provincialis
721 3015 826 3072 auctor
849 3026 924 3071 vcro
947 3016 980 3071 ut
1001 3008 1136 3072 instituto
1160 3006 1245 3088 operi

114 3126 169 3173 suo
193 3111 410 3191 conveniebat,
437 3129 493 3193 per
516 3112 652 3195 singulas
675 3112 842 3175 sententias
864 3111 999 3174 bavarici
1022 3111 1092 3173 libri
1116 3110 1244 3193 vestigia

114 3218 248 3276 secutus.
292 3211 381 3277 Solus
403 3214 564 3279 bavaricus
591 3217 721 3297 scriptor
743 3215 833 3297 plene
856 3213 1042 3296 propositam
1065 3214 1122 3278 sibi
1146 3230 1245 3294 quae-

114 3315 240 3380 stionem
263 3316 498 3397 consummavit,
528 3318 646 3382 scilicet
675 3325 706 3381 ut
734 3335 790 3398 per
815 3324 981 3399 temporum
1010 3315 1149 3379 ordinem
1171 3333 1245 3398 pro-

113 3435 240 3500 gressus
268 3427 469 3500 monstraret,
499 3422 674 3484 servitutem
703 3428 762 3484 tam
791 3420 966 3483 expeteris
990 3437 1078 3500 quam
1107 3437 1149 3483 ex
1177 3417 1248 3480 novi

114 3524 283 3586 testamenti
310 3522 382 3606 iege
410 3524 549 3605 iniustam
580 3542 660 3588 esse.
707 3522 822 3586 Neuter
852 3523 1016 3587 saxonicus
1046 3520 1181 3602 scriptor
1209 3538 1247 3582 cx

115 3623 205 3687 omni·
221 3618 315 3711 βοᾷ
334 3624 395 3689 boc
423 3625 501 3690 idem
530 3625 715 3708 probationis
743 3644 851 3689 munus
880 3625 1028 3707 explevit,
1058 3623 1114 3687 sed
1142 3640 1247 3686 corum

115 3726 244 3807 uterque
273 3728 438 3814 iucadem
469 3737 535 3793 orta
565 3747 605 3792 ex
633 3729 777 3792 bavarico
806 3724 881 3792 ‘loco
909 3727 1082 3792 diiiimdtate
1115 3725 1247 3789 haerens

116 3829 239 3925 diverso
251 3830 352 3905 modo·
363 3830 512 3912 'expedire
531 3850 596 3894 eam
614 3832 750 3895 tentavit.
784 3830 950 3907 Bavaricus
973 3847 1082 3911 nempe
1107 3830 1248 3911 scriptor,

116 3950 272 4013 sacrarum
296 3934 514 4015 scripturarum
536 3933 616 4027 bene
637 3952 764 4017 gnarus,
787 3933 906 3996 minime
927 3933 1050 4017 negavit
1063 3930 1154 3995 Noen
1170 3931 1247 3995 filio-

116 4053 182 4099 rum
205 4053 329 4099 suorum
352 4055 443 4100 uuum
468 4027 698 4100 contumeliose·
717 4038 747 4099 in
776 4055 810 4100 se
840 4043 981 4120 agentem
1010 4034 1076 4117 ejus
1105 4032 1246 4098 iratribus

117 4140 149 4200 in
165 4139 322 4202 ser-vitium
337 4140 470 4220 dedisse,
494 4139 549 4203 sed
573 4158 639 4202 eam
658 4140 836 4203 servitutem
853 4135 934 4204 addit
949 4140 988 4203 ad
1005 4146 1144 4207 nostrum
1162 4144 1247 4200 aeta·

117 4249 177 4304 tem
199 4243 305 4305 venire
327 4261 389 4306 non
409 4244 683 4324 potuisse-ouum
695 4251 803 4324 postea
826 4244 971 4308 dissoluta
993 4241 1113 4322 luisset,
1136 4241 1176 4305 de
1191 4255 1245 4322 quo

118 4362 151 4409 se
175 4344 254 4408 inira
276 4344 425 4411 dicturum
447 4364 517 4412 esse
539 4346 689 4428 pollicitus
713 4340 788 4412 est(
