2722 4898
108 523 268 587 tentantium
296 524 443 583 oensendus
473 525 525 597 sit,
556 541 648 581 manus

109 618 279 679 lruuoatlone
298 621 433 695 puniatur.

110 850 224 925 stiterit,
243 869 312 925 quae
326 869 381 911 non
394 851 476 910 trium
492 852 586 909 saltem
601 850 779 925 judicantium
798 849 942 908 sententiis
955 849 1127 922 inniteretur,
1146 850 1238 925 prius-

110 963 189 1018 quam
213 949 309 1005 tertius
334 949 362 1004 in
386 949 543 1006 sententiam
570 947 708 1004 beandam
735 952 921 1017 consenserat,
950 945 1154 1018 reprehendere
1183 962 1238 1002 earn

108 1041 352 1114 detestaremur,
362 1041 573 1115 reprehensione
587 1048 675 1098 autam
689 1041 830 1113 interjeota
840 1039 1015 1114 provocantis
1027 1040 1161 1097 elsatia
1175 1046 1238 1097 erat

110 1153 188 1208 quem
207 1137 340 1207 singulum
360 1153 396 1193 ex
412 1137 532 1208 judicum
551 1136 671 1209 collegio
691 1137 727 1192 ob
748 1135 905 1192 seutentiam
924 1150 941 1191 a
960 1151 990 1190 se
1009 1135 1055 1191 uei
1075 1134 1180 1191 dietam
1199 1135 1238 1193 vel

110 1232 314 1304 comprobatam
332 1231 360 1287 in
380 1247 489 1288 arenam
509 1246 608 1288 vorare
628 1231 712 1287 uellet
732 1231 764 1298 (l.
778 1247 804 1286 a.
818 1230 896 1303 ohap.
909 1229 994 1299 xxu,
1009 1235 1060 1286 art.
1077 1228 1117 1296 l).

45 1378 55 1389 ,
185 1325 246 1381 lam
270 1325 297 1381 in
323 1325 480 1397 germanion
500 1341 606 1399 quoque
631 1325 748 1399 imperio
773 1325 807 1382 de
829 1326 892 1396 jnre
917 1324 1023 1380 inserto
1046 1339 1135 1395 aeque
1155 1325 1191 1380 a‘o
1206 1323 1238 1381 'da

24 1428 33 1443 '
109 1419 241 1476 laetorum
261 1419 481 1493 imputationibus
497 1422 570 1492 justa
589 1420 750 1494 probatione
764 1419 897 1476 destitutis
910 1434 1026 1491 pugnam
1046 1417 1153 1476 admitti
1173 1433 1238 1475 oon·

110 1514 229 1570 suasisse
249 1514 516 1588 certissimauuidem
535 1531 580 1571 res
600 1521 650 1586 eet,
669 1514 854 1571 intercedente
869 1519 958 1571 tamen
971 1513 1238 1585 a'lraneogaboruu

107 1610 170 1681 jure
196 1609 311 1682 duplioi‚
336 1626 403 1683 quaa
429 1603 537 1667 uroximi
557 1610 684 1667 momenti
704 1617 778 1682 erat,
805 1607 972 1678 differentia,
996 1606 1113 1680 primurn
1134 1608 1238 1680 quoda

110 1702 262 1760 certaminis
288 1704 458 1776 discrimine,
483 1705 608 1777 quamdiu
632 1705 665 1761 ad
691 1705 859 1778 superiorem
876 1700 1238 1776 judioemaditus‘pater'at

110 1804 204 1871 utpote
220 1799 283 1870 jure
303 1797 418 1856 nondum
444 1800 564 1870 inserto,
589 1798 772 1857 abstinendum
796 1799 861 1870 luit,
887 1796 1074 1868 deinde-quod
1094 1813 1149 1854 non
1166 1797 1238 1870 judi·

111 1910 172 1964 oea,
198 1893 259 1950 de
247 1910 309 1966 Jure
329 1910 383 1950 non
403 1900 530 1951 onustare
549 1895 600 1951 sibi
620 1894 796 1967 profitentes,
821 1892 885 1964 sed
910 1910 944 1950 ne
964 1891 1101 1949 indefinita
1122 1893 1187 1949 ob
1175 1891 1238 1965 Jarir

110 1988 313 2059 ambiguitatem
333 2006 412 2046 eausa
432 1989 679 2061 relinqueretur,
672 2006 748 2062 rpsae
769 1989 840 2046 iuter
859 2005 889 2044 se
908 1993 1002 2062 parter
1022 1992 1144 2044 armatae
1164 2003 1238 2045 oona·

112 2083 293 2140 mittebantur.

187 2176 308 2250 lienique
327 2195 417 2236 rerum
437 2185 573 2251 gestarum
593 2178 702 2236 annales
721 2178 829 2235 unlouun
847 2179 954 2236 ultimae
977 2179 1056 2251 hujus
1076 2178 1238 2235 nenessittt'a

112 2272 263 2345 exemplum
287 2275 434 2331 memoriae
460 2272 652 2348 prodiderunt,
676 2274 790 2331 relatum
815 2273 1031 2331 aWittiebindo
1059 2275 1174 2340 (rernm
1198 2289 1238 2346 par

112 2366 256 2424 saxoniam
275 2375 412 2440 gestarum
427 2368 499 2426 libro
512 2369 545 2440 Π,
558 2385 581 2426 u.
596 2369 656 2440 10),
677 2368 722 2441 qui
742 2369 929 2427 controversia
945 2373 1005 2424 orta
1023 2367 1058 2423 de
1074 2367 1238 2425 admittendi

111 2462 254 2535 nepotibus
273 2463 308 2520 ad
328 2465 427 2533 avitam
446 2463 623 2521 hereditatem
643 2481 703 2520 oum
724 2463 798 2536 prius
818 2462 936 2520 deiuuoti
955 2463 1039 2536 patria
1059 2462 1238 2532 iratribus‚ir

111 2555 194 2611 totius
212 2558 304 2630 populi
324 2565 468 2631 conventu,
487 2559 579 2616 babilo
597 2565 729 2631 regnante
748 2560 913 2633 imperatore
927 2558 1028 2616 Ottoue
1048 2557 1140 2630 primo
1158 2562 1238 2632 pr'opa

111 2649 204 2706 villam
224 2652 314 2724 Stolo,
339 2670 418 2726 quum
438 2655 472 2711 de
492 2659 625 2728 perpetuo
645 2660 752 2711 seruata
775 2655 914 2726 bubusque
934 2653 1129 2711 consuetudine
1149 2654 1238 2712 uasa

113 2747 261 2819 quaesitum
276 2754 356 2820 esset,
375 2749 458 2807 tradit
471 2749 596 2821 opinatos
612 2766 672 2806 essa
688 2749 794 2822 imperii
808 2765 948 2822 proceres,
967 2750 994 2807 in
1011 2766 1042 2806 re
1058 2749 1165 2806 ineerta
1181 2750 1238 2807 niti

114 2843 287 2899 eommuuiter
308 2843 413 2900 deduiri
432 2861 521 2918 posse,
541 2844 589 2901 sed
608 2844 635 2925 in
651 2845 791 2917 judieiarii
812 2845 964 2901 certaminis
976 2845 1102 2915 viatoria,
1117 2846 1238 2916 queam

114 2953 218 3009 cunque
244 2938 373 3008 eiusmodi
398 2938 535 2996 contentio
563 2939 937 3013 emergeret‚'quaerandum
963 2955 1021 2996 esse
1045 2940 1102 2996 litis
1128 2941 1236 2997 exitu·

113 3033 199 3106 ipsum
218 3038 307 3089 tamea
327 3033 581 3106 imperatorem‚'ne
601 3033 653 3090 viri
672 3034 776 3091 nobiles
791 3035 939 3108 populique
959 3035 1080 3092 seniores
1098 3035 1238 3093 intuenda

114 3127 281 3188 hereditario
300 3142 349 3183 suo
369 3128 412 3184 uel
432 3143 540 3184 suorum
556 3128 620 3199 jure
641 3135 806 3186 vexarentur
826 3129 963 3202 pugnandi
982 3129 1238 3201 necessitate‚'ma

114 3227 194 3283 luisse
215 3223 363 3279 commissis
383 3223 453 3279 iuter
473 3239 502 3278 se
516 3222 711 3294 gladiatoribus
725 3223 842 3280 diuinum
858 3225 941 3281 semel
956 3225 1097 3297 explorari
1106 3224 1238 3297 judidbura

115 3328 158 3394 ut,
183 3324 264 3394 prout
289 3333 397 3392 pugnae
421 3317 539 3374 viatoria
564 3316 711 3388 desiderit
736 3317 790 3374 lata
815 3319 949 3375 eommuni
973 3319 1082 3392 imperii
1102 3335 1238 3392 prooem

115 3414 243 3474 sententia
263 3413 371 3487 penitus
390 3418 470 3469 natae
489 3411 662 3469 dubitationis
682 3412 804 3469 molestia
825 3413 975 3470 tolleretur

191 3507 370 3567 Witteohindi
397 3514 485 3563 autem
505 3507 604 3563 verba.
630 3507 803 3597 „laogpqae
826 3514 866 3565 est
891 3513 921 3587 ut
939 3524 1020 3564 eausa
1039 3509 1111 3566 inter
1130 3508 1238 3567 arbitro

111 3607 280 3681 judicaretur
301 3603 403 3659 debere
429 3598 589 3658 examinari
591 3592 835 3693 demus
827 3619 957 3660 murena
977 3603 1176 3661 committendis
1196 3603 1239 3662 nai·

114 3702 185 3758 nime
209 3696 383 3770 intelligenda
409 3702 484 3767 sunt3
510 3696 633 3752 dieantur
659 3694 733 3765 affl
752 3696 851 3773 ἰιῌιιί
877 3704 1027 3774 pugnantes
1053 3698 1125 3755 iuter
1152 3717 1182 3756 ae
1205 3716 1239 3756 aa

114 3797 189 3870 ipsae
209 3796 300 3866 partes
320 3793 364 3848 vel
384 3791 499 3864 pmtium
520 3790 703 3863 defensorem
715 3787 863 3865 storum
855 3809 881 3849 ιι
902 3791 1008 3848 meliori
1028 3792 1139 3850 lentona
1158 3809 1238 3868 pone·

115 3895 191 3946 retur
211 3904 307 3944 oausae
317 3886 474 3943 arbitrium.
527 3896 529 3901 ’
597 3914 605 3921 -

168 4018 170 4022 -
193 3982 336 4052 Consano,
355 3986 385 4038 ut
400 3983 519 4053 jusserat
538 3981 696 4055 imperator,
716 3981 897 4053 gladiatorum
916 3998 1016 4055 pugna,
1036 3998 1117 4054 quum
1138 3981 1238 4040 uicisse

116 4079 192 4155 pugil
212 4079 255 4133 eui
275 4075 373 4134 tuenda
393 4082 519 4149 nepotum
536 4077 599 4148 jura
619 4077 758 4133 commissa
773 4077 888 4148 luerunt,
908 4084 1013 4135 eoustat
1032 4092 1173 4134 commune
1193 4077 1238 4133 im·

116 4173 187 4249 perii
206 4170 270 4229 inde
285 4173 329 4243 jus
350 4171 496 4227 stabilitum
513 4187 583 4227 esse.

194 4266 316 4323 Alterum
330 4253 435 4338 quidem
450 4267 567 4324 traditur
579 4266 731 4340 exemplum
751 4273 840 4325 motae
858 4281 910 4341 pro
929 4265 1102 4341 inperatoris
1120 4265 1239 4324 tribunal

119 4361 236 4436 dejure
261 4360 413 4419 deliniendo
429 4361 657 4436 'ooouoveraiam
686 4376 756 4436 quaa
785 4363 874 4421 tamen
902 4377 957 4420 uon
985 4362 1067 4421 amnia
1090 4360 1141 4420 aad
1164 4359 1238 4418 tarta
