2722 4898
620 308 855 398 ’,248-

174 529 231 594 per
252 507 513 595 maguntinensem
542 497 713 589 archiepis-

177 632 285 697 copum
313 615 368 678 sub
395 610 714 678 excommunicationis

174 845 299 915 copntum
319 837 497 894 Eberhardus
527 835 598 892 rexit
620 852 670 904 -3
705 832 910 890 constantiensis
942 831 1075 889 ecclesiae
1092 832 1225 904 'praesul'
1246 838 1307 888 erat

173 936 268 993 licimo
285 952 335 1005 -3
365 933 513 1004 Augustam
533 928 703 985 Vindelicum
728 931 841 1000 regebat
866 928 1008 1000 episcopua
1033 927 1123 982 Bruno
1141 945 1191 997 -3
1219 927 1305 997 juvn-

174 1046 282 1086 veusem
295 1028 437 1085 ecclesiam
451 1055 487 1068 -
501 1023 573 1080 rexit
586 1024 673 1079 bonne
693 1024 839 1079 memoriae
852 1022 1002 1079 Guntherus
1018 1021 1240 1095 archiepiscopus
1254 1042 1306 1092 —3

173 1122 378 1180 radesbonensis
398 1119 529 1176 ecclesiae
554 1119 698 1191 episcopus
723 1124 783 1173 crat
803 1117 952 1174 burcardus
968 1133 1018 1186 -3
1043 1115 1234 1187 frisingensem
1254 1133 1306 1172 ec-

174 1219 282 1276 clesiam
302 1217 418 1288 regebat
436 1215 573 1270 hibertus.
608 1211 672 1268 Cum
692 1212 750 1268 istis
770 1212 846 1268 multi
865 1212 912 1273 olii
931 1211 1072 1284 pontifices
1091 1217 1119 1266 et
1139 1211 1251 1266 nbbntes
1272 1227 1307 1266 ex

124 1341 126 1346 ·
173 1312 268 1369 iisdem
295 1310 453 1381 regionibus
482 1307 607 1378 aderant,
640 1322 707 1378 qnos
736 1306 854 1376 singulos
883 1306 1022 1362 nominare
1050 1304 1141 1379 operis
1170 1304 1307 1361 festidium

173 1411 294 1478 generat.
314 1435 355 1446 -
384 1404 471 1459 Duces
496 1408 585 1458 autem
610 1401 770 1474 supradictis
797 1401 861 1456 viris
886 1400 1106 1472 contemporanei
1131 1400 1158 1454 bi
1184 1399 1305 1456 inerant:

172 1501 265 1556 benno
284 1499 339 1554 dux
359 1497 509 1567 Senoniae3
536 1495 673 1552 ddulbero
701 1495 756 1551 dux
778 1495 908 1565 Histriae3
938 1495 1044 1550 hetzilo
1070 1495 1124 1551 dux
1147 1495 1307 1566 stosriae3

172 1593 303 1650 Ernestns
323 1592 378 1648 dux
397 1590 585 1661 Alemanniue3
605 1590 829 1661 lutharingorum
849 1590 905 1645 dux
924 1589 1088 1659 Fridericus3
1114 1590 1306 1646 Ribuariorum

174 1688 229 1744 dux
248 1685 367 1757 (ione103
390 1683 463 1741 cuno
483 1685 693 1756 wormatiensis,
714 1684 768 1741 dux
788 1686 966 1755 Francorum3
990 1683 1134 1740 Udelricus
1154 1683 1209 1739 dux
1227 1685 1306 1740 Boe-

172 1782 256 1852 miae3
286 1780 438 1851 Bnrgundiu
465 1779 534 1834 enim
559 1779 675 1834 nondum
700 1795 814 1835 romano
838 1779 953 1852 imperio
979 1779 1017 1834 ita
1043 1785 1073 1834 ut
1098 1795 1166 1835 nunc
1192 1777 1306 1834 acclivis

173 1871 288 1932 luerat.''
327 1875 361 1930 Et
381 1873 522 1946 deinceps:
549 1872 658 1945 „Supra
683 1874 823 1930 memorati
848 1873 972 1946 episcopi
997 1879 1025 1928 et
1045 1873 1127 1929 duces
1148 1902 1183 1913 -
1204 1888 1306 1928 summa

84 2009 86 2013 «
174 1985 228 2042 opo
245 1974 274 2024 et
292 1967 422 2024 industria
442 1967 609 2024 memorabili
628 1969 787 2038 utebantur,
812 1985 846 2023 ne
864 1967 962 2023 diutius
982 1984 1027 2024 res
1047 1957 1155 2041 publica
1175 1968 1232 2024 sine
1253 1983 1305 2024 re-

173 2069 255 2134 gente
273 2059 414 2118 .nutaret.''
457 2063 522 2117 Tum
548 2062 584 2128 (l.
606 2078 630 2118 c.
649 2080 676 2134 p.
693 2063 785 2132 465):
812 2062 1059 2135 „Archiepisccpns
1083 2063 1306 2134 linguntineusis‚

173 2157 248 2228 cnjus
265 2156 405 2212 vsententio
430 2161 491 2211 unta
518 2155 586 2211 alios
610 2157 766 2230 accipienda
787 2157 852 2227 tuit,
876 2163 989 2228 rogatus
1009 2175 1024 2212 a
1045 2159 1148 2229 populo
1168 2158 1233 2229 quid
1253 2157 1305 2213 sibi

58 2298 63 2305 .
173 2249 368 2307 videretur-
391 2250 472 2306 hilari
496 2266 564 2307 voce
590 2251 709 2306 laudavit
733 2257 761 2308 et
787 2251 870 2322 elegit
894 2251 1003 2322 majoris
1028 2252 1123 2308 aetatis
1149 2252 1307 2322 chunonem

173 2360 247 2400 suum
273 2344 300 2400 in
325 2344 458 2400 dominum
485 2350 513 2399 et
537 2361 632 2415 regem
662 2351 741 2416 atque
770 2348 909 2400 rectorem
939 2352 966 2400 et
992 2345 1163 2402 defensorem
1188 2347 1305 2419 petrice.

172 2438 248 2494 lianc
267 2438 425 2509 sententiam
445 2438 548 2494 caeteri
562 2439 770 2512 Archiepiscopi
790 2446 818 2495 et
837 2440 935 2511 reliqui
955 2456 1095 2496 sacrorum
1111 2440 1236 2497 ordinum
1252 2441 1307 2497 viri

172 2531 355 2588 indubitanter
381 2532 568 2603 sequebantur.
614 2534 709 2589 lunior
736 2534 847 2604 chuno,
876 2535 1011 2606 paululum
1042 2552 1102 2591 cnm
1131 2535 1307 2606 Lotburingls

172 2626 320 2698 placitans,
345 2625 433 2681 statim
459 2643 585 2683 reversus
605 2628 721 2684 mnximo
740 2628 835 2684 lavore
855 2629 929 2684 illurn
950 2630 982 2684 ad
1004 2629 1141 2686 dominum
1161 2636 1189 2685 et
1207 2646 1306 2700 regem

173 2719 259 2791 elegit
271 2738 324 2790 -3
349 2725 411 2776 tunc
431 2721 528 2792 singuli
549 2722 583 2778 de
606 2723 717 2793 singulis
742 2723 834 2793 regnis
855 2723 949 2779 eadem
969 2726 1054 2781 verba
1075 2724 1216 2780 electionis
1237 2741 1306 2780 sce-

171 2814 282 2886 pissime
294 2816 467 2886 repetebant3
488 2816 518 2870 iit
531 2817 632 2872 clamor
645 2817 750 2890 popuii,
764 2833 854 2873 omnes
868 2818 1027 2874 unanimiter
1040 2820 1067 2876 in
1080 2820 1154 2890 regis
1168 2819 1307 2876 electione

171 2907 336 2981 principibus
355 2910 567 2991 consentiebant,
588 2927 680 2967 omnes
700 2913 829 2982 majorem
847 2912 1002 2969 chunonem
1022 2913 1211 2971 desideiabaut
1224 2920 1307 2969 —et

171 3006 202 3055 ut
220 3001 290 3057 nulla
311 3018 386 3058 mora
407 3004 619 3060 consecrationis
639 3005 710 3061 illius
729 3006 808 3061 lieret
827 3005 1025 3079 postulabant.''

248 3095 445 3167 lleuricnm,
464 3097 563 3167 hujus
583 3099 729 3155 nominis
748 3101 906 3172 tertium,
928 3108 998 3158 teste
1012 3102 1168 3176 Wippcne,
1187 3102 1305 3160 Chnou-

171 3186 254 3243 rudus
266 3189 399 3259 „consilio
413 3196 438 3245 et
452 3191 583 3262 petitione
596 3192 746 3265 principum
759 3192 857 3265 regni'
872 3195 934 3251 dum
947 3213 1016 3268 puer
1029 3204 1101 3253 esset
1115 3201 1199 3266 (anno
1213 3197 1306 3268 1026)

170 3287 233 3353 post
245 3297 274 3339 se
288 3282 439 3354 designavit
452 3300 555 3356 regem,
575 3294 682 3343 mortuo
695 3295 782 3344 aulem
799 3297 887 3362 patre,
909 3298 1016 3347 servula
1037 3294 1143 3364 antiqua
1159 3293 1306 3348 electionis

170 3375 330 3434 solennitete
351 3380 435 3445 (enno
452 3377 550 3450 1039),
569 3383 701 3438 communi
714 3391 780 3440 voto
798 3391 931 3456 „paterno
946 3385 1139 3443 inthronisatus
1156 3393 1197 3442 est
1211 3383 1304 3443 solid'

172 3463 337 3544 (chronogr.
353 3472 451 3542 Saxo).

247 3565 415 3636 ilenrico,
434 3566 577 3624 hienrici
596 3570 694 3642 hujus
714 3572 810 3644 tilio,
832 3581 909 3647 pater
929 3591 1047 3646 „magno
1063 3575 1303 3648 upnd'lriburium

171 3665 305 3715 consentu
329 3659 437 3731 habito,
462 3677 556 3732 regem
576 3679 591 3718 a
612 3667 715 3721 eunctis
736 3667 815 3738 eligi,
842 3668 920 3740 eique
945 3675 1009 3742 post
1034 3670 1136 3726 obitum
1160 3688 1254 3743 suum,
1278 3671 1304 3728 ai

169 3757 263 3809 rector
280 3753 365 3823 justus
384 3754 488 3811 iuturus
508 3764 589 3829 esset,
602 3759 802 3829 subiectionem
822 3763 941 3833 promitti
961 3749 1094 3836 feceret',
1117 3765 1190 3836 quod
1208 3766 1305 3837 nequit

168 3846 269 3902 luctum
288 3864 357 3918 esse,
376 3849 428 3903 nisi
446 3851 588 3907 secretiori
608 3853 682 3925 prius
702 3855 814 3911 consilio
834 3873 893 3912 eum
913 3859 992 3928 regni
1012 3859 1179 3930 magnatibus
1197 3859 1302 3930 habito,

170 3939 214 3993 cui
233 3944 321 3996 tamen
340 3957 393 3996 non
413 3942 543 4000 intererat
560 3946 700 4016 Bajouriee
721 3947 775 4003 dux
789 3949 939 4022 conradus,
959 3952 985 4008 in
1005 3970 1100 4024 regem
1120 3968 1155 4010 co
1175 3960 1301 4028 tempore

169 4032 328 4090 seditionem
357 4035 469 4092 moliens
499 4039 684 4106 (llerrnannus
713 4049 800 4100 contr.
827 4045 861 4100 ad
887 4044 1074 4117 ann.1053).
1120 4049 1300 4105 Gonseerutns

169 4125 297 4200 deinceps
316 4133 357 4184 est
376 4131 539 4204 Aquisgrani
563 4151 578 4189 a
598 4135 765 4207 Hermanno,
790 4139 998 4213 archiepiscopo
1020 4142 1169 4200 coloniensi
1189 4143 1298 4210 (humb.

169 4218 314 4279 Scannub.
334 4222 368 4278 ad
388 4225 563 4298 ann.1054).

213 4316 389 4390 [taeniam
408 4326 513 4380 secutus
533 4338 636 4382 morem
655 4323 787 4384 llenricus
806 4342 857 4386 rex
877 4328 939 4388 duna
958 4331 1074 4390 natalem
1087 4331 1210 4392 'hominii
1225 4331 1302 4393 dos·
