2714 4898
562 355 798 425 ..120-

172 522 278 596 Caput
300 523 363 581 189.
397 527 604 600 truncationi,
625 536 654 585 nt

114 635 148 672 ex
174 619 315 674 locationis
339 620 401 692 lege
427 622 517 678 aliove
538 624 653 695 quodam

109 714 172 783 jure
197 719 334 784 terreatur,
358 732 502 788 concesso,
527 734 654 776 concessa

112 823 218 878 quoqne
238 807 324 864 videri
345 812 481 882 aedificia‚
501 830 570 884 quae
591 815 652 870 solo

111 902 236 973 imposita
270 910 344 975 suat,
380 907 430 961 nisi
464 924 591 981 expresse
621 927 653 965 ea

112 995 185 1052 lundi
206 998 327 1054 dominus
347 1003 487 1073 exceperit
500 1007 536 1070 ¹).

171 1093 279 1166 caput
296 1093 359 1150 190.
391 1096 435 1151 Ad
455 1098 551 1170 capitis
566 1115 652 1171 prae-

111 1187 232 1242 cedentis
245 1188 342 1244 verba:
363 1191 437 1258 „der
448 1191 534 1248 berre
548 1194 652 1266 diaqe

112 1282 176 1337 den
196 1281 235 1337 bo
256 1285 370 1341 danne
389 1302 427 1341 os
442 1282 510 1342 -”:

168 1376 324 1448 Ubicunque
355 1381 552 1453 municipalium
573 1382 650 1454 judi·

111 1470 213 1525 ciorum
245 1489 393 1529 assessores
424 1477 560 1532 constituti
590 1477 650 1548 sint,

111 1564 183 1637 ipsos
203 1566 229 1621 in
249 1567 330 1624 rebus
348 1569 476 1640 gerendis
494 1576 576 1626 testes
597 1571 649 1627 ad-

111 1658 240 1717 bibeados
264 1680 337 1736 esse3
368 1665 482 1721 aliorum
505 1682 573 1722 vero
596 1668 651 1722 bo·

110 1754 206 1810 minum
232 1759 382 1815 teslimonia
412 1767 513 1816 tanturn
539 1761 651 1830 admitti,

109 1851 215 1920 quoties
229 1853 263 1910 de
277 1855 388 1911 crimine
403 1856 565 1923 (homicidio
578 1872 604 1912 v.
616 1873 651 1926 a,

110 1947 181 2003 lurto
202 1949 245 2004 vel
266 1950 343 2005 bonis
363 1951 461 2022 raptis)
483 1958 587 2022 agatur.

168 2043 264 2099 Coram
285 2045 379 2116 judice
404 2047 487 2116 gestis
508 2047 528 2101 si
550 2062 650 2102 reeor-

109 2137 166 2193 dari
177 2138 261 2208 judex
275 2140 402 2211 noluerit,
415 2140 530 2211 cujusvis
542 2142 651 2212 generis

108 2234 313 2302 probationibus
339 2251 390 2308 pro
417 2233 564 2290 obtinendo
587 2236 650 2306 jure

110 2326 149 2381 nti
167 2320 252 2384 licere
264 2332 303 2398 ¹).

109 2474 311 2483 ——m

187 2560 217 2629 1)
239 2562 297 2617 Art.
313 2561 364 2616 dt:
385 2562 461 2631 „tier
482 2562 552 2616 onclr
573 2578 625 2631 eyn
645 2562 726 2616 berre
747 2579 799 2630 eyn
819 2567 867 2632 gut
882 2559 948 2616 —.''

185 2655 217 2722 2)
238 2656 327 2712 Palam
352 2663 392 2711 est
412 2656 634 2728 quemadmodum
655 2657 801 2711 cohaereat
826 2657 946 2711 narrarint
972 2657 1036 2713 libri
1062 2658 1129 2714 baec

109 2757 170 2806 nota
192 2741 255 2806 loco
276 2751 321 2822 qni
341 2751 483 2822 praeeedit
502 2750 536 2807 de
556 2751 642 2822 pactis
666 2752 691 2806 in
712 2750 853 2806 fundorum
873 2750 1055 2806 locationibus
1075 2752 1140 2823 adjia

108 2846 256 2902 Saxonicns
277 2846 395 2916 scriptor
411 2846 437 2901 in
458 2846 609 2901 universum
623 2846 668 2910 bic
684 2845 851 2900 tractandum
871 2845 922 2900 sibi
936 2847 1077 2917 proposuit
1091 2847 1124 2905 de

108 2942 135 2995 ia
155 2940 250 3010 quibus
270 2939 315 2995 vel
336 2939 437 3010 judicis
463 2939 616 2999 testimonio
640 2955 709 3012 opus
736 2940 771 2994 sit
791 2939 835 2994 vel
855 2955 922 3009 von,
949 2941 1041 2996 verbis
1063 2943 1140 2999 arbor

107 3034 207 3103 „swan
228 3051 281 3103 eyn
300 3050 360 3093 man
381 3034 462 3104 iegen
481 3033 533 3088 den
554 3034 672 3090 anderen
687 3039 822 3104 getanqren
841 3037 882 3090 sol
894 3031 961 3104 -”,
981 3034 1096 3091 docens:
1118 3054 1140 3092 aa

109 3127 241 3183 adhibitos
262 3129 329 3183 duos
349 3129 468 3200 ejusdem
483 3127 681 3198 jurisdictionis
698 3134 797 3198 testes,
812 3130 1036 3201 quotiescunque
1056 3131 1130 3188 actio

108 3223 233 3292 deretur,
259 3239 327 3294 quae
352 3223 527 3296 pecuniariae
552 3230 650 3278 tantum
677 3239 781 3295 poenae
807 3223 1140 3295 pericnlum-inducat;r

108 3335 203 3375 causae
229 3318 274 3378 abi
299 3317 358 3390 ipse
379 3317 465 3388 judex
491 3334 553 3372 reus
578 3318 638 3388 aar,
664 3319 722 3389 ejus
747 3318 842 3374 vicarii
867 3320 1066 3390 apparitorisve
1087 3325 1140 3377 teat

71 3458 74 3465 .
108 3402 175 3486 opus
195 3430 268 3484 esse3
296 3429 364 3483 qnae
384 3418 472 3468 autern
493 3412 706 3483 coramjndicio
726 3419 804 3483 gesta
826 3429 861 3467 ex
879 3412 976 3482 judicis
997 3415 1107 3484 vicarii,
1128 3431 1140 3470 a

107 3509 175 3564 toris
197 3523 411 3577 assessorumqne
433 3506 511 3562 dictis
532 3513 664 3576 constent,
685 3507 719 3563 de
738 3507 779 3562 bis
800 3507 953 3562 testimonia
974 3509 1007 3563 ab
1024 3523 1058 3563 en
1072 3509 1141 3581 quiq

103 3603 286 3674 jurisdictioni
301 3601 424 3672 neganda
437 3617 572 3670 annasse,
592 3601 655 3658 licet
672 3602 746 3674 prius
762 3602 860 3657 nubam
875 3618 968 3657 eornm
982 3602 1106 3659 notitiam
1118 3602 1140 3676 ip

107 3697 206 3766 buerit,
225 3713 274 3753 neo
294 3711 394 3753 nonore
415 3696 547 3766 cuiquam,
567 3697 589 3752 si
609 3697 691 3751 rebns
712 3711 803 3751 coram
820 3696 925 3766 iudicio
940 3695 1024 3766 gestis
1040 3695 1128 3765 judex

108 3792 208 3847 iaciens
229 3790 370 3847 recordari
391 3789 516 3846 noluerit,
548 3791 781 3860 Conimentatoris‚
802 3807 887 3861 aequa
903 3791 1060 3862 prolixitate
1074 3807 1140 3861 qliae

106 3885 257 3957 scriptionis
278 3893 364 3955 mant,
384 3901 505 3956 quaeque
526 3885 636 3940 fortuite
655 3892 830 3941 accesserunt
849 3885 1012 3945 discutientis
1033 3901 1140 3941 nemon

107 3980 263 4035 industriam
277 3986 413 4050 agnoscet.
440 3980 554 4035 Haustae
569 3986 628 4034 snnt
642 3979 692 4034 bae
706 3979 855 4034 additiones
869 3996 904 4034 ex
914 3980 968 4048 jur.
981 3995 1049 4034 mun.
1062 3996 1140 4038 sama

183 4074 315 4130 Looo.·de
341 4073 485 4146 probandis
510 4075 592 4130 rebus
618 4090 709 4130 coram
731 4074 835 4145 jndicio
860 4075 945 4144 gestis
970 4073 1140 4132 cohaerete

108 4169 169 4224 libri
190 4168 316 4225 articulus
336 4185 450 4239 sequens
470 4168 554 4239 (68),
571 4175 674 4224 notans
697 4175 848 4239 susceptum
875 4170 1051 4224 monasticum
1070 4176 1140 4227 vota

108 4279 202 4319 versus
219 4263 382 4320 'inlicientem
409 4279 462 4320 non
485 4263 605 4336 judicum
630 4262 822 4345 recordatione
845 4262 892 4318 sed
913 4269 1017 4336 septem
1038 4265 1140 4323 lentina

108 4357 276 4430 probandum
296 4373 362 4418 csse.
