2714 4898
628 338 842 403 ..50-

667 619 803 690 XIV.

254 781 394 846 Bauerici
422 780 490 844 libri
518 777 618 859 capita
641 776 782 839 56—58
810 776 930 838 turbato
958 774 1062 838 ordine
1091 733 1160 837 buc·
1174 773 1302 854 disjecta

169 884 359 949 manifestum
381 891 429 947 est
450 882 605 962 pertinere
628 880 667 942 ad
690 880 794 960 capitis
814 877 856 939 45
879 878 988 940 verba:
1012 895 1071 955 „ez
1094 875 1302 956 versprecben

170 1042 250 1050 u---..-
260 1039 371 1048 ,un-...d

169 1126 254 1182 nenda
281 1123 449 1181 committere
475 1121 583 1177 licebat.
625 1120 793 1190 Sequebatur
815 1117 876 1173 inde
903 1133 952 1172 nec
978 1117 1012 1172 ad
1038 1116 1182 1172 sententias
1203 1115 1302 1188 profc-

169 1220 266 1275 rendas
286 1234 373 1288 neque
393 1216 427 1271 ad
443 1215 592 1271 testimonia
608 1214 720 1269 dicenda
737 1212 916 1269 admittendos
937 1228 997 1266 esse
1018 1210 1191 1283 imperfectae
1209 1209 1303 1265 aetatis

169 1313 305 1382 homines,
331 1327 397 1383 quos
418 1316 583 1384 provocatos
608 1309 640 1364 nd
667 1309 790 1365 tuendam
812 1307 945 1378 dictorum
965 1306 1106 1361 veritatem
1128 1304 1210 1360 armis
1231 1304 1303 1376 ipsos

171 1405 349 1474 contendere,
375 1405 396 1459 si
416 1405 554 1473 ueterem,
581 1419 648 1475 opus
673 1418 726 1458 non
751 1409 818 1458 erat.
859 1401 888 1456 ln
913 1398 1022 1471 antiqua
1044 1398 1095 1453 bac
1109 1388 1186 1468 'juris
1207 1397 1304 1469 regula

169 1500 289 1554 nituntur
314 1498 522 1553 bavaricilibri
549 1498 717 1570 prooemium
743 1496 855 1577 sublit.
878 1512 897 1565 g
924 1494 1027 1550 verbis:
1059 1508 1121 1563 „so
1138 1509 1168 1546 er
1196 1491 1304 1548 nesinen

170 1600 252 1664 tagen
272 1592 457 1648 vollechomen
479 1592 520 1647 ist.
547 1592 597 1647 daz
625 1593 658 1646 ist
681 1605 710 1646 so
737 1608 766 1646 er
793 1589 853 1644 einz
875 1588 930 1644 vnd
952 1587 1088 1644 nwainzec
1114 1586 1155 1640 iar
1176 1585 1214 1641 alt
1235 1580 1303 1655 ist”;

172 1694 200 1742 st
220 1692 300 1758 caput
314 1686 351 1741 86
372 1687 417 1742 ubi
438 1686 584 1758 requiritur
601 1685 720 1757 jndicem
741 1685 870 1756 maiorem
892 1698 960 1738 anno
980 1681 1110 1737 uicesimo
1127 1678 1215 1753 primo
1237 1696 1302 1734 esse.

247 1781 370 1837 Perfecta
387 1780 538 1835 octodecim
559 1796 687 1835 annorum
708 1784 793 1849 setas,
814 1793 891 1850 quam
912 1778 937 1831 in
952 1775 1113 1849 praestanda
1127 1771 1305 1846 jurisjurandi

172 1874 224 1930 lide
245 1874 456 1945 testimoniisque
476 1873 640 1946 recipiendis
661 1868 831 1928 observaturi
852 1889 910 1927 esse
930 1870 1010 1926 docet
1031 1869 1171 1925 bavaricus
1192 1867 1226 1923 de
1243 1869 1306 1938 jure

170 1967 270 2023 leudali
290 1968 360 2023 liber
381 1968 469 2038 capite
489 1968 527 2021 48
546 1968 652 2023 verbis:
683 1966 748 2037 „wil
774 1967 838 2022 aber
860 1967 899 2020 sin
920 1969 1053 2020 vormvnt.
1080 1979 1110 2018 er
1131 1967 1214 2018 swert
1235 1961 1304 2016 dan-

170 2062 240 2117 nocb
260 2061 303 2116 sur
323 2062 350 2115 in
369 2061 431 2116 wol.
458 2067 520 2116 vntn
545 2077 574 2115 er
595 2061 685 2115 kamet
709 2061 754 2115 bin
780 2077 812 2115 ze
837 2059 956 2115 abzeben
980 2054 1084 2126 iaren”‚
1111 2063 1137 2111 et
1158 2053 1305 2128 capitelli

172 2155 276 2210 verbis:
303 2154 393 2225 „vnde
414 2171 445 2209 ez
466 2170 529 2235 mag
553 2154 670 2209 niemans
694 2155 793 2224 gezivg
813 2154 860 2209 sin.
887 2160 949 2208 vntn
976 2152 1025 2207 daz
1052 2168 1083 2206 ez
1110 2150 1239 2206 abtzeben
1265 2149 1305 2204 iar

172 2249 208 2304 alt
228 2248 315 2303 wirt''
341 2247 368 2302 in
394 2246 575 2303 meridionalis
596 2245 753 2323 Germaniae
777 2265 836 2302 usus
857 2247 1008 2302 introducta
1030 2252 1070 2301 est
1090 2263 1124 2301 ex
1143 2244 1305 2314 langobar-

171 2342 267 2398 dorum
282 2341 359 2412 jure‚
385 2341 419 2395 de
440 2357 492 2411 quo
512 2341 635 2396 uideatur
656 2341 800 2414 Lutprandi
826 2341 899 2411 regis
920 2341 1035 2395 edictum
1057 2356 1126 2408 anno
1147 2339 1204 2410 ejus
1225 2337 1305 2408 regni

171 2436 234 2492 XIX
254 2435 454 2507 promulgatum
475 2432 530 2508 (ed.
546 2435 743 2508 Walter‚·cap.
758 2436 867 2503 oxvn)
896 2442 923 2489 et
949 2432 1081 2489 Friderici
1107 2433 1188 2506 primi
1214 2433 1305 2504 impe-

171 2529 272 2586 ratoris
294 2528 417 2585 edictalis
442 2529 487 2584 lex
507 2530 568 2584 anni
589 2527 665 2588 1158
690 2529 907 2598 (tiedericus
933 2528 967 2583 de
992 2529 1075 2599 gestis
1095 2528 1167 2583 Frid.
1188 2527 1252 2599 imp.
1274 2526 1307 2596 ΙΙ,

172 2623 229 2679 cl
250 2629 278 2679 et
296 2639 338 2696 pr.
359 2624 386 2678 F.
408 2623 442 2693 ll,
463 2623 514 2693 53)
536 2623 626 2679 uerbis
650 2640 684 2693 „a
705 2623 810 2679 decimo
831 2630 930 2678 octavo
952 2638 1020 2679 anno
1040 2622 1151 2693 usque.''

249 2715 397 2773 Saxonicus
418 2718 536 2791 scriptor
557 2718 669 2787 injuris
689 2718 802 2773 feudalis
822 2718 901 2773 libro
918 2718 982 2784 (art.
1003 2717 1054 2784 26)
1076 2716 1252 2772 vetustiorem
1272 2714 1307 2770 de

170 2811 310 2885 perfectae
330 2812 427 2868 aetatis
447 2812 541 2868 diebus
560 2812 675 2885 patrium
695 2818 792 2867 tuetur
800 2825 911 2880 morem,
931 2812 975 2866 cui
996 2811 1123 2867 convenit
1142 2817 1171 2865 et
1183 2811 1305 2866 Franco-

171 2907 306 2975 gallorum
321 2906 492 2962 consuetudo
511 2889 742 2975 (buablnssmsms
763 2906 796 2962 de
817 2906 856 2961 St.
870 2905 949 2960 bouis
968 2906 990 2975 1,
1010 2922 1034 2962 c.
1050 2904 1190 2975 733142).

247 2998 393 3071 Decrepita
412 3005 485 3054 aetas
506 3000 614 3056 militiae
630 2999 799 3055 vacationem
816 2999 959 3056 tribuebat.
976 2999 1189 3078 ,Sexagenarios
1202 3015 1218 3053 a
1232 3015 1305 3056 non·

172 3093 253 3148 nullis
272 3109 307 3150 eo
326 3092 390 3148 loco
405 3093 511 3165 positos
531 3110 590 3149 esse
611 3093 734 3149 bavarici
753 3094 816 3150 libri
836 3094 911 3149 locus
931 3093 1042 3164 indicat,
1063 3111 1141 3166 quam
1153 3093 1304 3150 doctrinam

172 3188 314 3244 saxonicus
338 3187 455 3260 scriptor
481 3188 619 3260 amplexus
644 3194 698 3256 est3
730 3188 778 3243 sed
803 3188 901 3244 merito
931 3205 989 3244 eam
1020 3189 1161 3244 bavaricus
1186 3188 1306 3261 scriptor

172 3281 332 3355 reprobavit
351 3281 514 3353 opinionem,
534 3282 604 3337 omni
616 3282 772 3337 destitutam
792 3283 963 3353 anctoritate,
983 3299 1113 3355 quamque
1134 3283 1226 3338 falsam
1247 3299 1306 3337 esse

172 3374 253 3431 docet
277 3381 331 3432 tam
355 3375 530 3445 Isidorus,
554 3382 657 3432 sextam
675 3378 748 3433 uitae
768 3376 896 3433 humanae
919 3384 1052 3455 aetatem,
1075 3377 1185 3434 senilem
1211 3376 1305 3432 vocari

173 3468 296 3539 solitam,
321 3470 355 3525 ab
375 3485 445 3526 anno
465 3469 572 3525 demum
592 3471 792 3544 septuagesimo
813 3480 982 3545 computans,
1008 3489 1086 3543 qnam
1106 3471 1306 3528 Fridericns

214 3569 379 3649 perator,
410 3563 455 3635 qui
485 3562 595 3619 edictali
625 3583 671 3622 sna
701 3567 763 3636 lege
793 3567 916 3639 superius
944 3583 960 3621 a
987 3583 1028 3622 me
1055 3565 1163 3621 laudato
1193 3565 1306 3621 militiae

122 3650 132 3677 l
154 3576 276 3739 *spus
306 3656 340 3712 ad
365 3673 460 3713 annum
484 3675 568 3729 usque
594 3661 819 3732 septuagesimum
844 3660 953 3716 extendi
981 3659 1074 3716 voluit.
1120 3661 1192 3714 Loco
1217 3665 1307 3714 autem

172 3740 296 3825 &utrici
316 3750 380 3807 libri
400 3752 434 3808 de
454 3753 620 3823 octagesimo
645 3770 715 3811 anno
741 3755 948 3826 comparandum
975 3760 1015 3810 est
1040 3761 1119 3826 csput
1139 3754 1177 3808 86
1198 3752 1244 3809 ubi
1272 3753 1305 3808 de

183 3837 262 3893 udite
283 3837 393 3901 dicitur:
421 3863 472 3917 „er
492 3848 532 3903 sol
553 3849 622 3903 cuch
643 3849 727 3904 under
749 3849 822 3904 eines
843 3849 895 3903 vnd
922 3849 1062 3920 zweinueg
1081 3849 1157 3904 iarcn
1177 3848 1235 3902 niut
1256 3848 1304 3903 sin.

175 3947 209 3988 ⁸¹³
228 3931 290 3988 dem
309 3933 387 3990 alter.
409 3956 442 3997 cr
463 3942 514 3997 sol
534 3944 641 3998 uober
661 3944 770 4013 abzsg
790 3943 843 3997 iar
864 3942 940 3998 uiut
960 3941 1041 4000 sin.”

250 4026 393 4084 Perfeclte
413 4035 505 4092 celatis
530 4036 557 4092 in
577 4036 747 4092 celebrandis
767 4030 960 4093 ecclesiasticis
984 4037 1093 4107 synodis
1114 4053 1149 4092 ex
1164 4036 1235 4107 juris
1254 4051 1306 4092 ro-

175 4119 245 4176 mani
264 4119 387 4178 doctrina
405 4124 570 4185 habebantur
590 4145 642 4186 non
663 4129 714 4186 uisi
733 4129 850 4200 majores
869 4131 967 4202 viginti
987 4132 1103 4204 quinque
1124 4131 1306 4198 unnim-teste

173 4214 296 4271 bavarici
316 4215 379 4274 libri
399 4218 573 4292 capit01403
592 4239 670 4290 quarn
691 4222 868 4281 ecclesiastici
889 4233 917 4281 et
935 4226 1066 4282 inicorum
1082 4225 1153 4296 juris
1172 4224 1307 4282 diberen-

173 4306 239 4368 tiam
257 4309 384 4371 intactam
402 4312 546 4389 reliquisse
566 4316 723 4375 mxouionm
741 4317 840 4377 librum
866 4303 925 4390 (lib.
946 4320 968 4378 l.
989 4325 1039 4379 ert
1053 4319 1083 4392 2,·
1103 4322 1131 4389 s.
1147 4319 1178 4392 1)
1200 4320 1307 4379 minime
