2722 4898
558 384 607 402 -
644 352 711 421 260
751 383 795 401 -

170 529 397 602 Quemadmodum
414 533 508 586 contra
523 527 652 585 simoniae

112 645 176 688 reos
192 633 246 685 tam
262 626 345 683 laicos
360 642 439 697 quam
457 623 654 682 ecclesiasticos

112 723 250 800 principes
271 721 403 795 agendum
423 719 465 777 sit.

111 949 250 1031 respicere
262 953 437 1011 manifestum
457 957 506 1008 est.
538 949 687 1008 Saronicus
707 949 825 1023 scriptor
840 947 963 1006 bavarioi
982 947 1045 1006 libri
1064 948 1157 1006 locum
1177 967 1249 1025 par-

112 1053 159 1110 tim
177 1050 330 1121 contraxit,
351 1047 457 1121 partim·
471 1044 613 1102 emendare
632 1051 743 1103 conatus
762 1051 805 1101 est
826 1061 859 1100 ex
879 1045 1008 1127 sequenti
1018 1045 1081 1101 loco
1098 1044 1126 1100 in
1139 1044 1249 1103 blberti

113 1147 243 1205 stadensis
269 1142 404 1201 chronicis
433 1141 468 1196 ad
493 1156 587 1197 annum
614 1139 703 1212 1240,
734 1141 780 1212 qui
803 1146 891 1196 lamen
917 1140 975 1212 ipse
1001 1139 1106 1212 spurius
1133 1145 1161 1197 et
1187 1149 1249 1215 post

113 1241 239 1300 Ottolari
268 1238 349 1313 primi
372 1243 476 1309 tempus
502 1235 617 1308 scriptus
644 1241 691 1291 εει.
738 1235 778 1290 En
802 1235 847 1290 hic
871 1235 955 1291 verba
985 1234 1085 1292 inserta
1111 1235 1249 1293 chronicis

112 1336 220 1394 Alberti
241 1332 387 1392 stadensis.

190 1431 281 1502 „l’apa
295 1425 454 1497 Gregorius,
473 1423 631 1481 insolentias
649 1423 821 1497 imperatoris
839 1429 934 1482 contra
955 1424 1098 1481 ecclesiam
1117 1430 1249 1499 metuens,

113 1525 252 1600 principes
276 1538 358 1594 super
384 1519 516 1576 electione
543 1519 652 1574 alterius
678 1519 849 1590 sollicitavit3
876 1519 923 1575 sed
948 1519 1013 1575 nibil
1039 1521 1157 1592 profecit
1184 1522 1248 1593 quia

114 1618 246 1692 quidam
264 1615 447 1690 principes
471 1615 497 1670 ei
520 1614 733 1687 rescripserunt:
760 1629 857 1685 „„non
877 1629 936 1669 esse
956 1615 1097 1685 suijuris,
1122 1615 1247 1689 impera-

112 1723 199 1772 torem
220 1711 393 1780 substituere,
416 1709 464 1765 sed
483 1714 584 1764 tantum
604 1709 719 1765 eloctum
740 1726 756 1765 a
776 1708 942 1780 principibus
956 1705 1139 1766 ·coronare''''
1161 1712 1249 1780 (coni.

112 1809 184 1866 idem
204 1806 321 1880 scriptor
342 1805 375 1860 ad
396 1821 493 1860 annum
507 1803 607 1872 lato).
642 1802 759 1872 [Electio
780 1804 850 1859 euim
869 1803 904 1858 ad
923 1802 988 1859 istos
1009 1804 1156 1861 dinoscitur
1177 1822 1250 1877 per-

111 1904 214 1973 tinere,
244 1918 279 1957 ex
305 1915 434 1955 consensu
461 1903 489 1954 et
515 1897 720 1970 praetaxatione
745 1898 896 1971 principum
926 1904 954 1954 ει
981 1914 1113 1956 consensu
1136 1899 1252 1971 elegunt

112 1999 304 2071 imperatorem
329 1993 503 2064 trevirensis,
527 1992 699 2063 moguntinus
724 1999 751 2048 et
776 1993 952 2064 coloniensis3
982 1993 1139 2050 trevirensis
1167 1997 1252 2068 enim,

112 2093 179 2148 licet
199 2091 232 2147 dc
251 2088 408 2146 Alemannis
428 2103 481 2143 non
501 2088 544 2158 sit,
563 2088 671 2143 ratione
690 2087 853 2159 antiquitatis
873 2088 966 2160 eligit3
989 2090 1131 2161 quia-cum
1151 2091 1252 2148 eadem

113 2184 249 2256 civitasja
273 2183 340 2240 lilio'
355 2183 430 2253 Nini,
456 2198 536 2254 quam
561 2180 731 2254 Semiramis,
762 2198 881 2239 noverca
908 2184 981 2255 ejus,
1003 2189 1125 2257 stuprum
1152 2187 1189 2241 ab
1214 2201 1251 2242 eo

113 2281 269 2338 desiderans
289 2277 406 2350 fugavit,
431 2279 467 2332 sit
487 2282 656 2347 constructa,
680 2276 818 2333 Abrabam
838 2278 992 2350 patriarcha
1010 2278 1091 2337 trium
1116 2296 1259 2338 annorum

1 2403 2 2407 =
113 2375 263 2445 existente,
283 2373 363 2429 etiam
384 2379 425 2428 εει
445 2388 461 2427 a
481 2378 603 2444 tempore
618 2371 692 2427 Petri
712 2372 831 2445 apostoli
850 2373 877 2428 in
893 2373 946 2429 lide
966 2372 1100 2430 catholica
1120 2375 1252 2435 solidata.

113 2468 247 2526 Palatinus
267 2467 346 2539 eligit
361 2466 422 2538 quia
442 2465 548 2538 dapifer
569 2472 618 2536 est,
638 2466 693 2521 dux
707 2467 841 2522 Saronico
857 2467 918 2538 quia
938 2468 1102 2527 marscalcus
1122 2476 1151 2526 et
1171 2488 1253 2528 mar-

115 2562 225 2636 graviua
245 2561 279 2618 de
298 2561 493 2633 Brandenburg
513 2561 574 2635 quia
601 2561 781 2632 camerarium
807 2577 871 2617 rex
895 2563 1056 2620 Boemiae
1082 2565 1139 2637 qui
1166 2566 1252 2640 piu-

115 2674 217 2715 cerna
238 2661 303 2727 est,
322 2672 387 2712 non
407 2655 524 2728 eligit,
545 2657 705 2728 quianon
726 2661 777 2711 εει
795 2655 1039 2728 teutonicus].''

190 2750 319 2809 Saxonici
337 2751 400 2807 libri
421 2753 510 2807 locum
529 2752 591 2808 hinc
611 2757 742 2824 sumptum
762 2767 820 2807 esse
841 2752 974 2810 indicant:

157 2857 159 2861 ’
189 2846 318 2920 primum,
348 2845 420 2918 quod
449 2845 476 2900 in
506 2846 745 2918 quedlinburgensi
775 2847 900 2919 exemplo
931 2847 1139 2920 antiquissimam
1170 2867 1251 2922 quan

112 2941 234 2998 norimus
254 2940 377 2998 saxonici
395 2941 459 2996 libri
478 2941 592 3004 formam
613 2941 757 2997 exhibente
779 2941 849 2997 inter
869 2943 1004 2998 electores
1024 2942 1251 3018 archiepiscopos

111 3037 226 3109 primum
246 3041 363 3108 occupat
381 3036 468 3090 locum
488 3036 662 3105 trevirensis,
685 3051 738 3092 nou
758 3043 788 3092 ιιι
806 3037 960 3094 recentiora
980 3038 1104 3110 exempla
1125 3056 1163 3095 ex
1181 3056 1249 3097 sue-

112 3130 175 3185 vico
194 3129 266 3186 libro
287 3128 510 3201 emendaverunt,
535 3130 759 3203 maguntinensis,
787 3132 913 3204 quodque
939 3132 1038 3188 inversi
1064 3132 1169 3191 ordinis
1195 3151 1249 3192 ex-

111 3237 232 3297 pressam
256 3222 388 3280 rationem
413 3223 502 3280 reddit
526 3231 589 3280 uota
614 3225 721 3282 hiberti
746 3227 875 3283 stadensis
901 3227 972 3283 libro
997 3227 1114 3300 inserta,
1138 3228 1249 3287 fabulo-

113 3333 169 3373 sam
194 3317 299 3375 scilicet
312 3317 480 3375 ¹trevirensis
507 3319 631 3376 civitatis·
648 3321 849 3392 antiquitatem,
879 3321 1021 3395 repetitam
1047 3339 1063 3378 a
1089 3322 1248 3381 Semiramis

111 3411 169 3468 ntro
188 3412 271 3484 mann
938 3403 942 3411 “

188 3505 300 3578 deinde,
330 3506 402 3579 quod
428 3507 522 3564 verbis
547 3524 608 3579 „ex
634 3525 763 3566 consensu
789 3516 817 3567 ct
844 3511 1048 3584 praetaxatione
1073 3511 1246 3587 principum”

112 3600 237 3656 convenit
266 3601 388 3658 saxonici
419 3601 483 3658 libri
513 3603 605 3675 locus,
636 3621 714 3675 quem
745 3621 797 3663 nou
827 3604 910 3662 babet
935 3605 1078 3663 bavaricus
1109 3609 1244 3681 scriptor:

110 3693 186 3765 „ilie
211 3710 243 3750 uu
270 3695 347 3752 deme
373 3702 461 3752 ersten
488 3713 521 3753 an
548 3697 625 3755 deme
649 3714 715 3755 coro
739 3700 838 3756 benant
863 3701 902 3757 sin
928 3700 973 3757 die
992 3718 1032 3758 ne
1056 3702 1148 3761 sollers
1173 3703 1245 3760 nicht

109 3786 203 3844 lriesen
222 3790 292 3845 nach
311 3790 378 3846 irmo
399 3791 555 3848 mutwillen.
581 3809 642 3850 aven
668 3810 761 3850 oweno
789 3795 832 3852 dic
853 3803 963 3853 vorsten
989 3797 1040 3853 alle
1067 3813 1101 3853 zu
1125 3797 1245 3873 kuninga

111 3880 218 3939 irvvelet
238 3882 289 3940 den
310 3884 396 3941 sullen
416 3902 446 3941 se
467 3886 593 3943 allexerst
612 3889 640 3944 bi
660 3906 754 3946 namen
774 3887 903 3963 lsiesen'';

187 3976 286 4049 tertio,
310 3979 381 4050 quod
406 3980 528 4036 bavarici
552 3983 616 4039 libri
641 3989 703 4039 nota
724 3984 758 4040 de
779 3985 934 4055 germanica
959 3985 1092 4059 principis
1114 3985 1241 4043 electoris

111 4069 219 4142 origine
241 4088 275 4127 cx
295 4089 397 4144 genere
418 4082 538 4132 materno
556 4078 712 4134 Ottalsarum
733 4096 827 4151 regem
847 4080 970 4154 respicit,
989 4081 1043 4137 loci
1062 4086 1152 4138 autem
1173 4081 1242 4155 apud

110 4165 251 4221 Albertum
271 4167 420 4225 stadensem
440 4171 537 4226 verba:
558 4189 627 4242 „rex
642 4172 785 4230 Bobemiae
806 4174 851 4246 qui
872 4175 1000 4247 pincerna
1020 4181 1061 4232 cst
1080 4191 1135 4232 non
1156 4177 1241 4247 eligit,

111 4258 172 4330 quia
192 4276 245 4318 non
266 4267 306 4319 est
325 4262 503 4337 teutonicus''‚
528 4281 695 4340 quorumque
716 4269 870 4326 versionem
894 4275 996 4327 tantum
1022 4267 1134 4328 e'xbibet
1157 4286 1240 4327 saxo-

109 4352 185 4419 nicus
204 4355 323 4434 scriptor
336 4359 441 4416 verbis:
462 4360 531 4434 „Die
551 4363 669 4427 sebeniae
688 4363 738 4421 der
757 4364 847 4424 riches
866 4365 917 4423 dor
932 4365 1036 4440 turning
1056 4381 1109 4425 von
1130 4367 1241 4425 beemen
