2722 4898
503 351 712 418 ..qq-

128 524 234 595 Caput
254 524 293 580 64
312 526 345 581 ad
367 524 486 597 ejusdem
508 524 603 596 capitis
618 525 715 581 verba:
737 524 801 595 „die
817 524 867 580 den
882 524 976 581 kindes
997 541 1084 597 genes
1104 522 1172 583 sin'':

53 619 170 691 Pupillnm
190 619 213 675 si
232 636 268 675 ex
287 635 464 691 personarum
489 618 632 674 illustrium
658 619 754 675 ordine
780 621 957 691 (sempervri)
982 621 1032 691 sit,
1057 621 1173 677 conuin-

53 713 154 776 cendum
180 730 242 769 esse
267 713 411 769 illustrium
435 729 611 785 personarum
632 713 724 783 dictis,
750 714 878 770 adversus
898 715 966 770 alios
985 715 1101 787 pupillos
1121 732 1173 771 cu-

51 807 124 879 iusvis
154 807 263 863 ordines
291 813 390 879 testes,
423 809 534 865 illaesae
564 815 652 863 tamen
682 809 900 879 existimationis,
930 809 1047 879 admitti3
1083 809 1173 881 excipi

54 903 152 959 lenones
176 901 293 973 itemque
319 902 425 958 servilis
451 901 611 958 conditionis
636 903 765 960 homines.
807 903 944 975 Equestris
969 903 1070 959 ordinis
1091 904 1174 973 viros,

55 998 71 1052 si
88 998 179 1069 cupitis
198 997 390 1053 hereditatisve
417 998 605 1053 controversia
626 1004 746 1053 vertatur
773 998 885 1069 perinde
912 1015 944 1053 ac
967 999 1084 1053 illustres
1103 1013 1173 1070 per-

55 1108 120 1148 sonas
145 1091 284 1147 inferioris
309 1091 469 1147 conditionis
494 1091 606 1146 testibus
627 1092 751 1147 convinci
776 1108 828 1148 uon
850 1108 944 1163 posse3
972 1091 1030 1147 aliis
1051 1092 1174 1147 civilibus

56 1185 77 1240 in
92 1186 176 1241 causis
197 1184 269 1256 ipsos
289 1203 498 1258 unumquemque
519 1186 628 1242 illaesae
654 1186 857 1242 existimationis
882 1187 1015 1242 hominem
1040 1187 1066 1241 in
1092 1186 1172 1241 testi-

59 1281 138 1336 moniis
158 1279 278 1336 dicendis
304 1281 355 1335 sibi
380 1297 472 1351 parem
497 1281 607 1337 hebere,
648 1280 786 1336 Adversus
808 1281 872 1336 lurti
894 1281 1064 1343 latrociniive
1085 1285 1174 1336 autem

59 1391 108 1430 reos
126 1391 281 1446 quacunque
302 1374 432 1445 dignitate
453 1375 569 1446 praediti
588 1376 766 1446 invenientur,
787 1392 960 1449 quoscunque
976 1383 1057 1431 testes
1078 1374 1174 1443 audiri,

60 1468 124 1525 uodo
144 1486 194 1524 nec
211 1469 279 1539 juris
299 1469 484 1524 communione
505 1470 625 1525 destituti
645 1487 695 1525 nec
715 1470 822 1526 infamia
843 1471 927 1525 notati
949 1470 1048 1536 sint1).

129 1563 236 1634 Caput
256 1562 300 1619 65.
338 1562 382 1618 Ad
402 1563 498 1634 capitis
519 1563 555 1618 63
577 1565 674 1619 verba:
702 1564 798 1635 „Vnde
819 1564 883 1620 wirt
903 1565 946 1621 ein
966 1564 1098 1636 plrlegaer
1119 1580 1173 1635 ge-

62 1655 177 1728 rungen'':
199 1658 284 1713 tutori
304 1658 551 1729 peregrinationem
571 1658 670 1713 inituro
690 1658 810 1713 similiter
829 1665 857 1715 ut
875 1666 955 1731 capto
971 1659 1050 1714 alium
1068 1658 1174 1713 interim

62 1755 170 1822 tutorem,
190 1753 235 1824 qui
256 1754 312 1824 ejus
332 1753 406 1808 vices
426 1758 514 1823 gerat,
535 1753 745 1808 substituendum
765 1770 831 1809 csse.

130 1846 235 1918 Caput
255 1846 292 1901 65
318 1847 459 1902 averbis:
492 1847 548 1917 „Eu
574 1863 632 1902 mac
657 1848 700 1902 ein
725 1847 834 1902 vater'':
865 1848 950 1902 tutori
976 1863 1054 1919 quern
1080 1847 1173 1901 vivens

62 1946 123 2012 pater
142 1941 320 1997 constituisset
340 1941 538 1997 concedendam
560 1959 617 1997 esse
643 1957 774 2014 personae
798 1958 941 2012 rerumque
960 1940 1056 2011 pupilli
1077 1939 1173 1995 deleu-

63 2034 160 2110 slonem5
181 2036 229 2091 sed
245 2037 317 2108 juste
337 2036 474 2091 removeri
494 2052 554 2090 eum
574 2037 596 2091 si
617 2036 678 2092 data
699 2036 749 2092 sibi
770 2042 903 2109 potestate
925 2037 1057 2091 abutatur.

131 2129 233 2202 Caput
253 2130 290 2186 66
311 2131 344 2187 ad
364 2131 459 2202 capitis
481 2129 518 2186 62
540 2132 639 2188 verba:
666 2149 744 2202 „man
765 2132 805 2187 sol
825 2132 852 2187 in
871 2126 1063 2203 palmundcn”:
1086 2145 1173 2201 quac-

61 2237 108 2278 nam
122 2240 250 2296 personae
271 2242 306 2281 ex
325 2224 481 2296 suspicionis
503 2241 582 2280 causa
604 2243 619 2282 a
639 2226 729 2282 tutelis
748 2226 791 2283 uel
812 2226 946 2281 arcendae
962 2227 1006 2282 vel
1027 2240 1173 2281 removen-

63 2315 102 2373 dae
118 2319 174 2375 siut.

129 2413 237 2470 'lutelae
253 2413 358 2486 judicio
378 2414 581 2471 condemnatum
598 2417 641 2471 vel
661 2431 766 2470 manum
782 2415 911 2488 perdere,
930 2415 974 2470 vel
990 2415 1083 2471 decem
1097 2414 1174 2471 libris

59 2503 129 2575 judici
146 2507 290 2579 solvendis,
311 2507 486 2581 quodcunque
507 2516 584 2564 actor
604 2510 731 2580 elegerit,
753 2509 931 2566 mulctandum
952 2527 1019 2565 esse.

541 2822 676 2892 XVI·

122 2985 247 3066 Reliqua
263 2987 400 3049 havarici
415 2987 484 3050 libri
500 2989 538 3051 de
553 2990 652 3052 tutelis
667 2990 736 3052 loca
754 2991 901 3053 saxonico
916 2990 994 3052 libro
1010 3008 1070 3070 qua
1086 2998 1173 3052 tenus

61 3091 229 3154 conveniant
250 3091 407 3170 subjuncta
427 3092 583 3172 utriusque
601 3094 703 3173 operis
725 3100 970 3175 argumentorum
990 3088 1092 3158 brevis
1113 3112 1173 3155 ex-

60 3191 155 3269 positio
179 3194 327 3257 ostendet.

106 3380 208 3453 Caput
225 3382 262 3437 67
280 3382 328 3438 lit.
347 3399 362 3437 a
383 3381 416 3437 ad
437 3383 532 3455 capitis
546 3384 583 3438 66
693 3385 752 3441 Art.
767 3384 803 3440 27
824 3383 960 3439 averbis:
980 3384 1102 3458 „Claqet
1121 3383 1174 3438 ocls

59 3469 136 3530 locum
157 3475 211 3545 (lit.
232 3480 276 3546 c):
301 3477 400 3547 „Smer
419 3477 480 3533 siue
506 3478 584 3534 trime
634 3487 729 3554 maqet
767 3481 838 3534 oder
871 3480 987 3534 uedcwe
1021 3494 1057 3533 zu
1094 3477 1172 3533 lout-

58 3567 109 3624 ult
131 3565 283 3626 deloltet’'.·
317 3569 505 3642 conquerente
530 3571 582 3627 ad·
636 3575 719 3647 dispe
740 3570 804 3630 —.''

59 3674 140 3718 versus
154 3670 271 3720 tutorem
284 3665 328 3721 vel
344 3665 432 3737 puella
447 3665 490 3721 vel
504 3666 583 3722 vidua
692 3667 796 3723 llulicri
822 3667 855 3723 ad
879 3665 1057 3722 sustinendam
1083 3666 1173 3721 actio·

59 3754 180 3813 silendum
205 3774 297 3815 coram
318 3759 411 3830 judice
436 3776 527 3830 reum,
557 3766 583 3816 et
635 3754 694 3817 nem
717 3761 817 3833 judicis
842 3761 932 3816 officio
959 3765 1076 3815 tutorem
1103 3776 1172 3815 con-

59 3863 127 3905 ctusa
147 3853 255 3923 cognita
276 3860 357 3925 prout
383 3853 582 3925 supradictum
635 3856 794 3912 stitueudum
830 3872 905 3924 esse3
943 3855 1061 3926 itemque
1093 3854 1173 3909 uxori

59 3949 98 4013 est,
117 3945 343 4003 condemnandum
364 3964 429 4003 esse.
636 3951 844 4025 quotiescunque
877 3963 968 4003 rerum
999 3948 1173 4004 alienationes

636 4059 726 4098 coram
739 4043 842 4113 judicio
863 4043 932 4098 inter
950 4045 1077 4114 conjuges
1095 4042 1171 4097 cele-

635 4137 755 4193 brandae
774 4137 832 4192 sint.
