2722 4898
563 359 799 425 -lso-

174 531 281 604 Caput
296 532 363 590 238.
389 533 485 590 Avium
498 533 587 605 pullos
601 534 657 604 ejus
754 551 763 559 ⁶

116 643 173 684 esso
190 628 264 699 cujus
284 626 311 683 in
330 627 429 684 arbore
448 628 538 684 nidum
553 644 656 701 paren-

115 729 156 778 tes
175 721 292 779 texerint
304 725 349 792 ¹l3
373 722 567 801 quamprimum
587 738 657 779 evo·

115 815 230 872 laverint
250 815 378 888 capientis
398 817 466 874 fieri.
507 817 558 884 Qui
581 816 658 871 nidos

116 910 142 966 iu
162 910 248 967 aliena
268 911 334 968 silva
355 910 515 984 spoliaverit
536 915 580 966 aul
596 926 656 966 ma-

14 1020 21 1032 ¹
114 1022 176 1061 num
190 1004 317 1078 perdere,
338 1011 383 1061 aut
400 1005 538 1076 sexaginta
554 1004 658 1074 solidis,

115 1099 230 1156 mulctae
255 1099 377 1172 nomine,
404 1098 578 1157 condemnari
604 1098 657 1154 do-

115 1194 197 1264 mino,
217 1211 255 1251 sc.
273 1193 297 1250 si
316 1193 413 1249 lurtum
433 1194 533 1250 lactum
552 1193 586 1248 sit
605 1209 656 1248 ac-

115 1289 240 1361 cipitrum
266 1288 420 1360 ejusdemve
446 1288 527 1361 pretii
553 1287 658 1360 avium3

115 1388 283 1439 caeterarum
309 1398 375 1441 vero
400 1381 542 1439 volucrum
569 1381 658 1454 pullos

115 1478 221 1551 impune
243 1493 342 1550 capere
363 1477 458 1534 licere.

174 1571 282 1645 Caput
301 1571 366 1629 239.
401 1572 459 1639 Qua
482 1586 569 1644 poena
593 1569 657 1626 alli·

115 1666 204 1724 ciendi
220 1668 282 1737 siut,
300 1665 345 1737 qni
361 1665 477 1722 inclusas
494 1671 540 1720 aut
555 1664 657 1734 alliga-

114 1766 154 1816 tas
177 1760 303 1818 volucres
327 1759 441 1816 dominis
467 1757 656 1831 surripuerint.

172 1855 279 1928 Caput
298 1854 363 1928 240.
403 1856 524 1910 Pavones
552 1858 580 1909 et
605 1868 656 1909 oo-

114 1950 216 2006 lumbas
237 1966 272 2006 ex
292 1948 482 2006 consuetudine
499 1949 609 2004 evolare
630 1953 657 2002 et

114 2044 240 2099 revolare
260 2043 378 2100 solentes
398 2042 513 2112 aedium,
539 2041 573 2097 ad
593 2056 658 2114 quas

114 2137 205 2193 redire
225 2137 327 2208 soleat,
351 2136 451 2193 domini
472 2153 545 2206 esse,
572 2136 658 2192 donec

114 2231 270 2287 revertendi
296 2229 410 2286 animum
437 2231 539 2286 habere
565 2229 657 2285 desie-

113 2324 175 2381 rint.
216 2326 280 2382 Post
307 2331 444 2398 quartum,
475 2339 528 2397 quo
559 2324 656 2380 evola-

114 2412 304 2569 verinffm
323 2419 439 2477 nondum
459 2434 587 2475 reversos
607 2435 657 2474 ca-

115 2510 199 2586 pienti
252 2513 341 2582 ori2).

174 2606 280 2680 Caput
299 2607 364 2666 241.
399 2610 451 2664 Pro
471 2608 531 2663 lure
551 2606 656 2677 haberi,

115 2702 160 2774 qui
184 2702 254 2760 intra
279 2701 447 2775 quatriduum
473 2707 564 2774 captas
592 2717 655 2757 aves

114 2796 283 2869 perquirenti
303 2797 410 2853 domino
431 2798 509 2854 celet.

199 2888 292 2957 Capitis
310 2890 450 2957 periculum
466 2887 657 2959 piscationibus,

150 2976 262 3043 aucupiis
275 2983 302 3027 et
311 2976 487 3030 venationibus
499 2977 592 3030 illicitis
605 2993 656 3029 ne-

148 3062 240 3113 rninem
257 3061 385 3114 incurrere
393 3061 430 3126 ⁸).
505 3072 508 3078 '

172 3146 279 3219 Caput
308 3147 373 3204 242.
418 3149 462 3204 Ad
492 3149 656 3207 domesticas

115 3256 189 3310 aves,
208 3257 317 3298 anseres
337 3258 362 3298 v.
377 3257 401 3299 c.
416 3248 444 3298 et
461 3243 583 3315 gallinas,
602 3259 655 3299 non

113 3335 251 3406 pertinere
276 3335 349 3408 qnod
375 3336 409 3393 de
432 3339 553 3411 aucupiis
576 3354 656 3412 supra
689 3393 692 3403 ,

114 3428 214 3485 dictum
243 3429 291 3502 sit,
324 3431 372 3487 scd
405 3447 497 3488 earum
530 3434 656 3506 captione

113 3537 272 3596 quocunque
286 3519 289 3526 '
305 3530 429 3599 tempore
461 3527 523 3598 ilat,
558 3527 655 3582 lurtum

113 3617 252 3675 committi.
364 3614 368 3620 '

112 3779 178 3835 sinae
198 3779 316 3852 scriptor
336 3781 458 3840 oonlndit
476 3783 577 3855 pileum
596 3782 810 3856 quo-cooperiri
831 3788 911 3854 caput
930 3784 1113 3842 veneticorum

111 3877 181 3929 trum
201 3875 284 3931 moris
304 3881 372 3946 crat,
392 3883 419 3932 et
437 3883 542 3950 tempus
563 3893 616 3949 quo
636 3894 737 3950 pennas
758 3882 858 3932 mutant
878 3893 949 3935 aves.

190 3969 221 4035 1)
242 3967 318 4024 Conl.
339 3969 410 4040 legis
429 3971 614 4042 Balnariorum
634 3971 674 4027 tit.
688 3971 761 4041 XXI,
781 3974 806 4038 §.
824 3970 866 4027 ll.

188 4060 221 4130 2)
241 4061 287 4117 lus
306 4078 444 4120 romanum
464 4065 569 4132 (3.15.
589 4066 614 4122 l.
629 4066 663 4122 do
678 4083 732 4123 rer.
750 4066 819 4134 div.)
844 4082 897 4137 que
917 4067 983 4124 luris
1003 4085 1111 4141 pavone

111 4155 216 4211 lumbae
236 4156 452 4243 adnumerantur,
472 4159 572 4231 respici
591 4160 644 4216 lroc
663 4161 726 4217 loco
746 4161 793 4216 vir
813 4166 855 4216 est
874 4169 903 4216 ut
922 4178 1054 4220 moneam.

188 4250 221 4319 2)
241 4252 419 4323 praetervidit
438 4259 519 4310 notae
537 4254 615 4324 nujus
635 4261 729 4311 auctor
746 4255 816 4313 idem
826 4256 883 4326 jans
895 4256 995 4313 dictnrn
1011 4276 1072 4318 esse
1083 4275 1113 4318 ca

110 4343 218 4402 verbu:
236 4345 292 4420 „da
311 4362 365 4406 von
383 4349 449 4406 luant
468 4347 512 4406 dio
531 4347 643 4421 kivnige
663 4356 784 4421 gesataet
797 4348 863 4406 -.”
