2722 4898
560 354 796 422 -116-

111 554 198 601 usum
227 535 389 597 bavaricae
418 532 609 597 collectionis
637 532 864 614 recognitorem
888 528 1037 610 quendam
1065 527 1161 592 neci

110 642 197 723 locos
221 639 330 701 deesse
353 637 391 699 ab
414 655 451 700 eo
473 636 552 698 libro
574 635 720 698 voluisse.
794 649 797 655 ·

574 803 781 874 xxm.

195 950 243 1013 Ad
266 946 457 1014 tancredi
475 944 669 1025 judiciarium
692 943 829 1006 ordinem
852 959 997 1007 reversus
1019 941 1154 1005 bavarici

111 1061 221 1116 auctor
239 1052 340 1114 titulo:
740 1113 743 1116 .

262 1149 297 1220 n.
321 1163 398 1237 puae
421 1144 573 1218 11111111
594 1144 661 1234 ipso
677 1143 749 1236 jmc
770 1144 813 1216 sit
833 1144 918 1216 nutta

111 1257 237 1338 aptavit:

196 1358 315 1437 Caput
333 1354 393 1417 172
411 1356 462 1418 ubi
477 1355 595 1418 verbis:
620 1353 683 1432 „Eu
706 1356 746 1416 ist
767 1362 846 1418 etwa
868 1354 1063 1437 gewohuheit
1076 1355 1153 1434 —'’‚

110 1468 214 1524 netur:
237 1467 270 1522 ut
291 1459 390 1521 valeat
413 1476 462 1520 res
481 1457 614 1538 judicata
634 1457 811 1535 quibusdam
833 1459 863 1518 in
883 1457 1145 1537 jurisdictionibus

111 1564 209 1625 decim
228 1577 418 1624 assessorum
437 1560 603 1623 sententias
628 1560 817 1643 colligendas
842 1577 922 1637 esse,
946 1577 1121 1639 causaeque
1143 1582 1161 1623 v

111 1666 184 1728 riam
208 1666 345 1727 obtinere
369 1665 419 1743 qui
441 1664 567 1745 plurima
590 1681 697 1725 corum
720 1662 863 1745 suffragia
887 1664 1004 1740 tuterit;
1028 1680 1121 1744 posse
1146 1672 1161 1726 t

114 1769 151 1830 ad
173 1769 361 1848 superiorem
379 1766 514 1848 judicem
540 1760 664 1830 deferri
679 1767 885 1845 quaestionem
909 1772 1152 1830 controversam.

194 1871 327 1951 Rejectis
339 1887 418 1949 quoe
434 1888 474 1932 ex
490 1871 569 1932 notis
585 1869 623 1930 ad
634 1868 841 1949 Bajuariorum
853 1870 952 1951 tegern
965 1869 1159 1950 fluxerunt‚s

110 1975 195 2035 nicus
212 1974 342 2052 scriptor
360 1971 471 2034 abhoc
492 1973 563 2033 inde
584 1972 654 2034 loco
675 1973 862 2035 continuavit
885 1973 1104 2053 interpretandi
1120 1992 1160 2054 pa

111 2094 170 2155 que
189 2075 456 2138 consuetudinibus
475 2075 595 2155 aptandi
609 2075 687 2154 juris
707 2076 874 2138 communis
892 2076 960 2137 iibri
978 2064 1125 2155 laborem,
1144 2094 1161 2157 q

109 2177 174 2240 ficri
193 2184 310 2258 poterat
328 2178 556 2240 accuratissime
573 2177 704 2257 exempli
721 2177 778 2238 siti
797 2179 943 2259 propositi
961 2180 1090 2261 vestigia
1110 2197 1161 2242 sco

198 2278 388 2342 Conveniunt
410 2281 513 2358 itaque
535 2280 566 2341 iu
588 2287 718 2358 utroque
743 2283 917 2363 germanico
941 2281 1045 2344 libroz·

166 2431 284 2514 Caput
298 2431 358 2496 172
372 2435 519 2498 averbis:
533 2435 652 2510 „Vmbc
756 2433 822 2498 Art.
832 2435 882 2499 60.
895 2437 1022 2511 „Ummc
1033 2439 1085 2499 cin
1096 2454 1161 2518 pest

112 2538 180 2599 cicc
194 2537 387 2617 omworsenc
401 2538 495 2598 111111
505 2538 558 2600 dio
570 2541 651 2617 fior·
704 2539 764 2600 den
779 2540 873 2600 orteil
886 2558 925 2600 11
939 2541 989 2602 sot
1000 2560 1068 2602 mea
1083 2541 1160 2603 aicit

113 2639 170 2700 doz
192 2657 328 2719 pesopcn
350 2641 432 2702 uuirt.
461 2641 503 2702 du
524 2641 574 2702 sol
594 2641 652 2704 der
703 2642 792 2720 colpe
809 2643 956 2721 orepco.''

112 2741 230 2802 rietter
247 2742 315 2803 1111
331 2742 418 2804 umbo
436 2745 586 2822 orcpea.’'

199 2896 374 2959 'tancredus
398 2896 498 2959 titulo:
540 2966 542 2971 ,

264 2993 312 3064 ut
336 3012 395 3085 quo
417 2993 549 3065 remedio
570 2994 671 3067 valida
693 2995 845 3069 sententia
867 2997 1041 3069 suttcvctur

113 3101 250 3178 disquirit
273 3108 347 3178 quot
376 3101 471 3163 modis
501 3103 650 3165 sententia
674 3103 805 3183 alioquin
830 3105 929 3167 valida
959 3108 1119 3168 retractari
1143 3125 1161 3188 q

112 3200 193 3262 Idem
216 3201 274 3264 hoc
298 3210 505 3284 argumentum
528 3213 682 3285 spectant:

172 3353 288 3432 Caput
305 3354 364 3417 172
385 3375 401 3417 1
420 3358 538 3419 verbis:
560 3360 652 3433 „dem

113 3457 166 3520 dio
177 3455 392 3535 orteitsoadcn
402 3461 475 3522 uuirt
481 3480 516 3521 ze
528 3465 650 3537 notze”,

113 3557 164 3620 ubi
179 3559 323 3620 observat
338 3563 481 3636 scriptor:

170 3659 349 3721 Retractare
376 3666 552 3726 seutentiam
577 3685 594 3727 a
618 3684 651 3728 se

114 3764 179 3842 ipso
194 3761 285 3822 latam
301 3779 363 3822 non
377 3762 480 3841 licere
484 3762 578 3842 judici
594 3769 652 3829 nisi

114 3863 324 3926 consentiente
343 3881 392 3942 eo,
414 3864 499 3944 cujus
516 3865 546 3926 in
563 3867 652 3945 favo-

113 3984 179 4029 rem
197 3984 234 4026 ea
251 3982 343 4028 causa
354 3966 489 4046 judicata
507 3965 597 4029 fuerit
610 3973 650 4040 ¹).

192 4141 222 4211 1)
242 4144 339 4199 Locum
360 4145 429 4200 huuc
450 4146 475 4200 in
497 4145 731 4218 quedlinburgensi
752 4156 874 4225 exemplo
894 4158 1111 4228 praetermissum
1133 4177 1161 4215 11

113 4236 207 4292 varico
226 4237 298 4294 libro
318 4239 452 4310 supplevit
472 4241 607 4296 recentior
627 4259 719 4298 manus
739 4263 810 4316 spec.
832 4265 887 4304 sax.
908 4251 978 4306 tibro
996 4253 1018 4307 ΙΙ
1039 4252 1143 4308 11112

113 4330 217 4388 verbis:
240 4331 298 4406 „ite
318 4332 337 4386 ”t
357 4332 391 4387 oh
411 4333 552 4405 gevuuden
572 4335 651 4391 hevet
673 4341 802 4394 111.ῃ
