2722 4898
563 358 797 420 -159-

137 534 288 593 mudemnari
311 533 380 591 enim
403 532 589 590 eeclesiastico
607 534 655 604 ju-

138 632 188 701 diui,
204 630 331 686 laieorum
344 630 431 700 judici
446 635 473 685 et
489 629 658 697 adversario,

137 743 198 798 quern
218 725 314 796 inJ'uria
338 724 436 780 affecit.
473 723 575 780 Eodem
595 723 657 778 loeo

137 820 254 876 cimeteria
274 818 369 874 haberi
380 823 419 888 ¹).

179 915 327 970 tieletrinas
356 930 422 986 prae
454 914 513 970 aliis
547 913 657 968 aedibus

137 1009 246 1080 singulari
266 1008 342 1081 pacis
363 1008 427 1079 lege
445 1009 568 1064 defensas
589 1024 657 1063 esse.

137 1103 311 1171 nutrimenti
332 1103 471 1159 tarinaeve
497 1103 535 1159 ibi
560 1103 658 1157 turtum

138 1199 201 1254 tarint
214 1198 288 1254 crine
309 1206 336 1254 et
352 1205 413 1254 cute
428 1198 527 1270 puniri,
547 1197 569 1253 si
587 1213 656 1268 qua-

136 1299 184 1348 tuor
195 1293 307 1350 denariis
322 1293 476 1350 aestimetur
490 1309 534 1347 res
548 1292 656 1347 furtiva.

137 1382 237 1444 tatibulu
250 1388 324 1458 attigi
338 1388 384 1461 qui
398 1388 513 1457 auferat,
533 1394 657 1459 quantum

138 1489 230 1553 quatuor
250 1482 342 1539 solidis
367 1483 529 1538 aestimetur.
563 1482 592 1536 id
612 1488 657 1536 ta-

138 1593 184 1632 men
201 1595 249 1633 non
266 1577 404 1650 pertinere
425 1577 458 1634 ad
476 1577 588 1632 aliarum
608 1594 657 1632 re-

138 1687 183 1726 rum
200 1672 266 1730 turta
287 1672 313 1728 in
335 1672 483 1729 moietriuis
503 1672 583 1727 faeta.

393 1879 512 1962 eaput
534 1880 563 1943 3.
600 1876 643 1948 tte
658 1875 792 1968 justitiis
814 1875 975 1965 rogatibus.

182 2043 377 2127 Caput250.
398 2045 679 2153 Quatuoreujuffi
765 2045 832 2110 Art.
856 2045 928 2107 105.
976 2046 1146 2126 „wentae
1179 2053 1252 2126 tane

138 2145 176 2207 uis
193 2146 382 2215 hebdomadis
409 2151 473 2213 dies
502 2148 657 2239 cur„
708 2150 791 2213 unde
826 2150 967 2212 tundere
1004 2151 1048 2212 ait
1084 2151 1135 2212 ain
1169 2151 1252 2212 attera

139 2254 250 2315 caeteris
273 2253 372 2317 saneti
393 2253 571 2316 habeantur.
634 2254 637 2259 ’
709 2255 801 2317 tuden
822 2273 861 2315 uu
882 2254 977 2319 erede
999 2258 1145 2335 neaman]
1169 2255 1251 2315 duna

708 2359 740 2420 in
759 2357 921 2421 teneretur
937 2358 1064 2421 wochara
1081 2360 1149 2421 uter
1168 2365 1248 2438 tuqe.

709 2461 760 2524 die
790 2462 964 2524 donnertue
996 2462 1079 2524 unde
1111 2462 1249 2543 fritinnit.

708 2568 861 2647 sumufunt
881 2552 964 2627 uude
986 2567 1151 2628 sumtueiu.’'

184 2661 362 2728 Dominieam
403 2666 482 2729 diem
525 2668 657 2748 supremi
764 2669 1083 2744 „Derauntuetmus
1099 2671 1250 2731 attenuate

139 2770 375 2852 nunqu0.j11dieii
410 2770 489 2832 diem
527 2770 656 2833 sutrinam
709 2773 781 2834 tuctu
803 2773 1048 2854 uteryqewurt.
1071 2773 1250 2835 vindemiat

138 2883 200 2948 esse,
217 2872 301 2954 eujus
320 2874 512 2937 meminerint
524 2874 655 2963 judiees,
709 2876 787 2939 ounh
810 2876 862 2938 ulie
884 2877 959 2938 teste
975 2876 1048 2937 —.’'

138 2968 167 3030 ita
188 2977 347 3039 sententias
372 2977 498 3058 dicturi,
527 2985 559 3040 ut
585 2978 656 3041 lae-

139 3077 182 3137 tam
204 3097 343 3162 suprema
367 3076 416 3143 die
447 3082 504 3164 ipsi
527 3089 655 3144 senten-

132 3433 136 3441 ’
195 3424 224 3493 t)
244 3425 464 3482 Berthuidum
485 3427 556 3500 sapit
575 3426 619 3482 hie
634 3427 719 3497 iocus,
740 3426 775 3482 de
788 3427 889 3500 triptici
904 3426 1069 3500 paenitentia
1083 3426 1144 3498 pius
1166 3427 1249 3482 semei

133 3527 273 3593 uouentem,
292 3521 548 3592 v.u.(ttoebe11‚
566 3540 592 3594 p.
606 3523 674 3590 82):
696 3522 783 3593 „Atao
805 3523 880 3577 solist
902 3522 937 3577 da
959 3521 1018 3578 dem
1040 3521 1250 3592 atimaeehtigeu

132 3607 313 3672 Gutt-buesseu
338 3618 406 3673 uach
432 3618 520 3688 gnada
549 3617 601 3673 und
627 3617 733 3673 deinem
758 3617 901 3672 naeehsten
926 3618 996 3673 naeh
1020 3618 1112 3685 rectit-3
1135 3616 1193 3671 und
1214 3616 1249 3670 du

128 3716 195 3765 unat
212 3711 340 3768 dreiertei
359 3712 437 3782 busse
462 3713 530 3768 nach
556 3713 632 3768 recht
652 3713 723 3768 thau.
762 3712 800 3768 So
821 3711 897 3767 satist
914 3712 952 3767 du
973 3710 1078 3767 deiuem
1098 3711 1246 3767 naeetnsten

125 3805 251 3872 menalion
268 3808 391 3876 bremen,
412 3807 465 3863 uud
481 3808 557 3863 sottst
574 3807 627 3862 ilum
648 3807 748 3862 setnneit
764 3807 888 3876 buessem
908 3805 962 3862 und
977 3805 1053 3860 solist
1072 3805 1125 3861 ihm
1142 3822 1247 3876 gaean-

124 3896 169 3954 liah
187 3901 239 3956 und
259 3901 392 3956 iroelnlieh
412 3903 553 3960 buessen.''

189 3995 225 4064 2)
249 3995 313 4063 Quis
338 4002 422 4052 totum
449 3997 538 4054 locum
563 3996 731 4070 perpendens
758 4011 815 4051 non·
836 3995 924 4050 statim
950 3995 1047 4051 sentiat
1072 3995 1181 4051 subesse
1204 3995 1249 4050 iiie

119 4105 218 4162 quaque
243 4091 420 4147 ecclesiastici
447 4093 583 4163 eujusdam
613 4091 744 4147 sermonis
770 4090 895 4160 lacinias,
925 4090 972 4145 vix
997 4090 1044 4145 alii
1068 4106 1148 4162 quam
1176 4091 1247 4145 Ber-

115 4185 205 4240 timido
224 4185 403 4241 tribuendas?
438 4187 482 4243 Ad
502 4188 590 4244 iocum
612 4187 646 4242 de
668 4184 876 4241 administranda
901 4185 979 4256 regia
1003 4186 1108 4263 justitia
1132 4185 1250 4247 maxime,

111 4280 256 4338 referenda
281 4287 344 4336 sunt
362 4282 460 4339 verba:
487 4283 577 4354 „ittae
594 4282 646 4345 wir
667 4287 722 4337 erst
736 4281 807 4338 autu
832 4286 930 4336 ersten
958 4279 1005 4335 mit
1030 4280 1085 4337 libe
1110 4280 1248 4337 redemit

109 4377 175 4435 sete.
197 4375 268 4432 uude
289 4375 334 4432 die
354 4376 414 4432 reiut
434 4377 462 4434 ia
482 4377 556 4434 dirre
573 4378 637 4435 weit
657 4377 767 4450 gelabet
786 4378 858 4434 haut.
880 4376 924 4433 dia
941 4384 1038 4434 natent
1057 4375 1104 4431 mit
1123 4374 1178 4431 libe
1195 4374 1247 4430 und
