2722 4898
560 360 794 427 ...244-

114 536 207 617 idque
221 535 261 598 ott
276 541 339 598 trec
352 533 558 597 tantummodo
572 551 652 599 caa—
703 535 816 617 perciet
829 535 868 599 is.
886 551 947 596 one
960 553 1056 597 omae
1070 534 1125 598 dri
1137 535 1237 600 scelte

113 654 166 703 aas
187 637 321 702 scilicet:
348 637 387 700 ob
410 635 613 700 defectionem
635 656 653 701 a

113 741 184 822 fide,
206 741 246 804 ob
261 739 421 804 divortium
437 756 505 802 oum
519 740 653 824 legitima

113 846 180 926 ejus
206 861 307 906 uxore
335 841 447 905 iactum
475 849 508 904 et
532 842 572 905 ob
594 843 653 906 de-

113 953 243 1011 structos
266 945 359 1008 aedes
382 962 499 1007 sacras.

169 1046 216 1111 Eo
252 1056 350 1136 autem
382 1047 460 1130 juris
494 1047 654 1132 privilegio

113 1150 156 1215 iti
176 1169 293 1235 regem,
320 1169 361 1213 ex
382 1168 444 1230 quo
466 1149 652 1231 imperialem

113 1254 270 1337 acceperit
301 1270 455 1317 coronam.
507 1252 539 1316 Si
570 1271 653 1315 non-

113 1357 183 1420 dum
199 1355 382 1437 imperialem
403 1355 529 1435 adeptus
547 1354 652 1438 digni-

112 1466 204 1521 tatem
226 1457 336 1538 injuste
359 1457 507 1520 adversus
529 1458 654 1538 episco-

111 1579 182 1642 pum
207 1557 333 1622 aliumve
356 1558 508 1639 quendam
534 1560 652 1641 imperii

112 1679 274 1743 procerem
302 1662 417 1744 egerit,
447 1662 485 1723 ad
511 1661 652 1725 comitem

112 1765 274 1846 palatinum
288 1761 388 1826 Rheni
405 1782 443 1827 ea
460 1765 498 1827 de
516 1783 551 1826 re
568 1783 649 1845 que-

112 1867 207 1931 rclam
228 1864 424 1929 deferendam
446 1883 533 1945 esse,
555 1875 588 1931 ut
610 1886 650 1930 eo

111 1968 320 2032 intercedente
353 1969 577 2050 archiepiscopi
605 1971 652 2032 sui

112 2070 650 2159 encommunicationissententiale-

111 2172 217 2237 riatur.

167 2272 278 2355 [Caput
289 2273 374 2350 1291.
389 2275 505 2359 Regem
513 2277 543 2338 in
550 2277 651 2339 Fran-

113 2375 330 2440 conanensium
344 2377 464 2440 civitate
480 2377 650 2460 eligendum

112 2495 194 2543 esee.
228 2478 259 2542 Si
280 2479 360 2540 intra
375 2486 480 2559 portas
497 2479 650 2561 principes

705 639 745 701 ola
768 639 826 701 lter
846 657 889 701 aa
917 637 1002 699 deme
1030 638 1156 700 rechten
1185 658 1237 718 pe·

705 743 810 804 modia
827 741 965 805 twicelit.
989 741 1067 802 oder
1083 741 1135 803 sio
1157 741 1237 804 ecltn

704 845 787 926 mipl
814 845 873 906 tert
901 844 979 906 oder
998 849 1101 925 pottes
1122 843 1183 906 lter
1205 863 1237 906 za

704 948 833 1010 staret.'’

111 2598 173 2644 non
194 2579 390 2661 recipiantur,
412 2588 500 2644 extra
522 2582 652 2645 civitatis
707 2609 710 2614 ·

111 2683 231 2747 moenia
244 2681 302 2745 rite
316 2701 383 2746 earn
395 2684 576 2749 electionem
591 2703 649 2747 ce-

111 2784 240 2864 lebrari3
263 2784 319 2847 sed
336 2787 500 2866 civitatem,
523 2805 648 2849 omnes-

112 2905 177 2973 que
194 2887 247 2968 qui
268 2904 335 2950 eam
359 2895 496 2969 teneant,
523 2907 540 2951 a
562 2908 650 2973 rege,

111 2989 286 3071 priusquam
319 2989 472 3070 discedat,
510 2993 650 3073 proscri-

111 3091 247 3169 bendos3
271 3093 458 3172 proscriptos
480 3101 548 3174 post
571 3111 649 3157 sex-

110 3199 170 3255 tam
179 3191 650 3277 hebdomadenamaguntinensi

111 3293 341 3376 archiepiscopo
380 3298 648 3360 excommunican-

111 3394 183 3477 dos,
213 3396 343 3476 denique
365 3405 435 3477 post
458 3399 569 3462 alteras
591 3417 648 3462 sex

109 3496 314 3562 hebdomades
342 3518 494 3580 unumque
524 3502 604 3564 diem
631 3523 649 3565 a

110 3600 228 3663 cunctis
265 3602 355 3684 regni
394 3603 545 3684 episcopis
581 3622 648 3667 eam

109 3702 450 3766 excommunicationem
481 3705 647 3768 iterandam

110 3819 191 3882 esse,
214 3810 245 3866 et
262 3822 280 3866 a
297 3805 382 3887 regis
404 3807 539 3886 pendere
561 3809 646 3871 arbi-

109 3904 180 3984 trio,
202 3923 241 3968 an
263 3908 368 3970 summi
385 3926 507 3989 quoque
527 3911 647 3991 pontifi-

109 4006 155 4069 cis
177 4011 519 4074 excommunicationem
540 4013 570 4075 in
592 4032 646 4077 eos

108 4108 271 4189 impetrare
294 4112 377 4176 velit.

168 4211 277 4292 [Caput
304 4212 390 4290 1301.
441 4217 538 4298 Ipsam
570 4237 645 4285 vero

748 4224 809 4297 „ln
831 4225 886 4289 dea
912 4226 1055 4309 lepoerco
1085 4248 1161 4291 core
1188 4231 1236 4292 eol

108 4313 288 4378 electionem
310 4333 381 4380 esse
404 4321 483 4400 apud
501 4328 564 4384 tres
586 4341 644 4386 eo·
696 4324 747 4388 die
770 4335 851 4390 erote
872 4331 923 4392 sin
944 4330 1002 4390 der
1022 4330 1153 4413 biscopi
1174 4349 1233 4395 oon
