2722 4898
528 362 766 429 -165-

73 537 218 620 margine
241 534 350 600 collata
373 536 516 600 continua
538 535 678 600 saxonici
700 534 769 597 libri
798 535 895 598 series
918 535 1071 617 turbetur,
1100 537 1129 599 in
1153 536 1212 599 ima

74 642 194 724 pagina
218 641 394 722 comparavi
416 641 635 705 convenientes
659 639 798 704 saxonici
821 639 996 720 appendicis
1020 639 1118 704 locos.

399 862 503 932 Iaex
524 858 904 945 Buduntini-um.
928 869 931 876 ’

311 996 386 1071 llllt
417 998 460 1071 lte
483 996 702 1070 commentatis
726 1001 758 1071 et
780 995 987 1091 commodatis.

452 1159 571 1241 Caput
593 1159 622 1222 6.
663 1160 711 1221 De
732 1160 848 1222 viduis.

162 1264 279 1370 Caiput
301 1287 372 1351 146.
411 1287 556 1351 Rescisso
578 1288 768 1351 matrimonio
791 1288 873 1368 quod
891 1289 957 1371 ejus
975 1289 1215 1370 impedimentum

77 1396 231 1476 ignorans
253 1391 360 1454 mulier
383 1391 549 1470 contraxit,
580 1391 808 1454 concedendum
837 1393 879 1454 illi
904 1391 1123 1456 usumfructum
1145 1409 1215 1456 esse

78 1503 209 1579 propter
231 1495 351 1576 nuptias
371 1494 432 1558 sibi
456 1495 666 1573 constitutum,
689 1495 773 1557 salva
798 1495 1009 1559 constituentis
1032 1497 1216 1578 proprietate

79 1608 143 1662 tarn
164 1598 249 1662 fundi
271 1616 360 1678 quam
383 1598 519 1676 aedium,
548 1597 628 1659 illata
651 1598 783 1677 denique
810 1598 931 1662 mobilia
954 1600 1033 1662 bona
1060 1599 1100 1661 illi
1123 1599 1216 1661 resti-

79 1702 198 1766 tuenda
220 1719 301 1782 esse,
324 1702 474 1783 exceptis,
498 1718 577 1780 quae
599 1701 646 1763 vir
668 1701 777 1783 probet
799 1703 915 1781 perdita
938 1720 1008 1766 esse
1021 1707 1064 1775 ¹).

168 1806 199 1861 ln
213 1805 285 1861 bona
304 1821 374 1876 quae
389 1803 563 1861 beneficiario
577 1803 639 1875 jure
656 1811 780 1860 tenuerat
797 1805 950 1875 defunctus,
971 1811 1099 1876 quatenus
1115 1804 1219 1875 agnatis

81 1899 270 1956 deficientibus
290 1899 418 1956 succedat
437 1899 532 1970 vidua,
558 1898 671 1969 injuris
692 1899 763 1971 quod
789 1898 895 1955 feudale
920 1899 1018 1955 dicitnr
1044 1899 1115 1955 libro
1142 1900 1216 1970 (cap.

81 1993 210 2064 00100)
230 1995 379 2068 expositum
400 1994 504 2066 tegi2).

173 2097 291 2180 Caput
310 2097 381 2163 147.
418 2099 521 2163 Soluto
544 2099 735 2162 matrimonio
753 2100 779 2160 si
801 2100 880 2161 inter
899 2098 1018 2162 viduam
1041 2100 1218 2179 liberosque

83 2203 276 2265 abonorum
304 2203 515 2265 communione
539 2201 727 2281 discedatur,
756 2203 936 2283 praecipere
965 2203 1086 2266 viduam
1115 2209 1217 2265 matu-

83 2305 190 2368 tinalia
212 2324 266 2368 sua
286 2304 375 2384 dona,
398 2306 516 2386 reliqua
539 2312 637 2369 autem
655 2305 789 2369 deiimcti
811 2306 931 2369 mobilia
953 2306 1042 2386 bona,
1066 2308 1218 2370 ecclesiae

83 2427 144 2489 pro
167 2409 283 2472 animae
313 2409 379 2489 ejus
407 2409 541 2472 remedio
569 2416 654 2489 parte
677 2427 766 2489 quam
788 2428 843 2491 par
872 2418 919 2472 cst
946 2411 1030 2491 prius
1059 2427 1220 2490 concessa,

86 2529 191 2591 aequa
210 2511 298 2575 lance
328 2513 407 2573 inter
430 2512 550 2575 viduam
571 2512 746 2591 liberosque
771 2513 978 2575 distribuenda
1001 2531 1070 2577 esse
1083 2516 1132 2593 ³),
1161 2515 1219 2576 nisi

83 2615 194 2678 mortis
217 2632 317 2678 ,causa
345 2614 536 2678 donationem
563 2614 723 2678 defunctus
751 2615 873 2695 fecerit,
908 2617 977 2679 dum
1004 2634 1095 2680 sanus
1126 2624 1219 2696 esset,

85 2737 179 2799 qnam
203 2718 372 2783 omnimodo
396 2725 537 2799 oporteat
559 2727 654 2781 ratam
676 2719 835 2794 haberi4).

175 2821 277 2877 Nullam
298 2821 434 2878 mobilium
454 2822 585 2878 bonorum
606 2828 710 2896 partem
730 2822 855 2894 accipere
876 2823 992 2892 liberos,
1016 2822 1110 2893 quibus
1129 2823 1219 2879 dotem

85 2916 133 2973 rel
155 2923 269 2989 propter
290 2916 394 2989 nuptias
417 2917 587 2973 donationem
612 2917 751 2972 defunctus
777 2917 963 2989 constituerit,
987 2918 1038 2974 nisi
1057 2918 1147 2973 vivum
1167 2918 1220 2973 hoc

84 3012 124 3067 ita
148 3019 288 3084 parentem
309 3011 469 3085 disposuisse
491 3019 604 3068 constet.

289 3147 292 3153 ⁵
313 3175 430 3258 Caput
452 3174 483 3240 8.
519 3178 567 3240 Dc
589 3177 745 3241 divisione
766 3178 849 3240 inter
870 3180 1000 3260 fratres.

171 3312 289 3396 Caput
307 3313 376 3380 146.
404 3315 565 3378 Parentum
580 3314 733 3378 hereditas
750 3315 999 3394 quemadmodum
1015 3315 1095 3377 inter
1110 3314 1220 3378 fratres

86 3436 278 3498 sororesque
302 3419 462 3483 dividatur.
504 3418 685 3482 Collationes
710 3419 960 3498 quemadmodum
981 3418 1063 3482 fiant.
1102 3416 1221 3480 Avitam

87 3550 123 3557 ,ω
145 3549 248 3557 *-

171 3605 201 3675 1)
223 3607 263 3665 Gi.
284 3625 341 3667 sax.
363 3609 426 3665 libri
446 3614 497 3664 art.
514 3608 578 3666 160.

169 3701 202 3771 2)
224 3703 262 3760 Cf.
284 3719 341 3763 sax.
362 3704 425 3761 libri
446 3711 496 3760 art.
513 3704 567 3760 160
587 3702 692 3759 verbis:
713 3720 766 3773 „an
787 3702 883 3775 eigene
904 3703 926 3759 is
945 3703 1005 3759 reht
1025 3699 1220 3775 lipgetzucht.''

169 3796 202 3864 3)
223 3796 263 3854 Cf.
284 3798 340 3853 lex
364 3799 602 3870 bajuariorum
629 3798 666 3866 (l.
682 3798 741 3866 cit.)
766 3799 870 3854 verbis:
902 3798 960 3868 „De
983 3797 1085 3867 viduis3
1112 3798 1135 3853 si
1158 3805 1221 3870 post

88 3894 208 3947 mortem
227 3892 316 3947 mariti
336 3892 363 3948 in
382 3894 512 3950 viduitate
532 3899 672 3968 permanet
698 3893 875 3965 aequalem
898 3893 988 3947 inter
1010 3891 1108 3948 filios
1128 3909 1221 3964 suos,

88 3985 117 4040 id
139 3991 197 4056 est,
221 3986 329 4057 qualem
349 4004 414 4043 unns
433 4005 468 4044 ex
488 3988 566 4059 filiis,
591 3988 850 4044 usufructuario
871 3987 970 4043 babeat
988 3987 1141 4059 portionem
1157 3985 1220 4045 -.”

170 4067 212 4148 4)1
230 4079 379 4138 Saxonicus
404 4082 521 4154 scriptor
548 4086 616 4151 (art.
640 4082 713 4151 161)
740 4083 844 4138 verbis:
876 4080 988 4151 „stirbt
1013 4098 1091 4151 cyme
1117 4083 1171 4141 wib
1196 4082 1220 4139 ir

88 4189 154 4229 man
173 4175 238 4247 -”,
273 4176 370 4234 viduae
400 4184 503 4233 tantum
533 4177 657 4233 collatam
694 4177 733 4233 illi
762 4183 875 4249 propter
904 4177 1010 4249 nuptias
1040 4176 1221 4249 donationem,

87 4270 210 4341 itemque
235 4270 338 4328 cibaria
358 4288 390 4328 00
415 4272 628 4346 suppellectilem
647 4272 804 4328 muliebrem
828 4277 904 4328 notat
923 4278 1090 4344 competere,
1109 4272 1221 4346 perinde

89 4382 123 4424 ac
145 4364 169 4421 si
189 4373 303 4441 mortuo¹
318 4368 374 4443 ejus
395 4369 491 4427 marito
511 4368 598 4426 statim
618 4384 633 4424 0
654 4368 840 4429 communione
860 4367 1006 4429 discessum
1024 4367 1114 4443 tuerit
