2722 4898
440 353 802 421 ---285--α
973 324 1014 399 ι’

208 537 241 593 X.
274 532 370 591 Libelli
397 533 430 589 de
452 530 557 604 juribus
581 545 635 604 pro
659 529 776 602 genuina
800 526 935 587 bominum
961 529 1116 588 conditione
1137 529 1251 588 diversis

272 646 335 704 pars
355 626 432 701 prior
454 628 492 694 (c.
509 626 638 698 12-353
659 643 686 699 p.
700 625 763 693 36).

324 722 542 779 Uratislaviensis
567 722 659 777 tabula
684 722 719 777 de
742 725 855 792 recepto
878 721 940 792 jure
960 719 1116 793 municipali
1136 721 1252 793 magde-

275 818 403 890 burgensi
427 832 480 873 nou
501 834 516 871 a
536 816 812 889 magdeburgensibus
832 814 936 873 civibus
961 815 1054 886 missa,
1080 814 1127 871 sed
1148 816 1174 872 iu
1194 816 1253 888 ipsa

272 911 471 971 uratislaviensi
492 912 611 982 civitate,
636 927 706 969 auno
726 917 755 969 ut
775 909 883 968 videtur
902 909 1112 981 mcccxxxtm
1133 910 1253 967 adhibito

272 1008 402 1066 saxonico
423 1008 494 1062 libro
515 1007 630 1063 conficta
651 1012 692 1063 est
710 1010 752 1080 (p.
767 1004 818 1073 41)
831 1010 868 1076 ¹).

196 1107 242 1162 Xl.
273 1102 390 1161 Libellus
416 1101 450 1157 de
475 1101 603 1159 natalium
624 1102 687 1172 jure
712 1106 775 1173 post
794 1100 883 1157 varias
909 1099 1133 1173 interpolationes
1159 1099 1250 1157 conti·
1346 1162 1359 1189 ἱ

273 1204 366 1254 nuatus
387 1197 519 1269 capitibus
539 1195 653 1251 35-39
675 1199 716 1269 (p.
730 1196 793 1266 48).

185 1296 241 1351 Xll.
271 1293 367 1349 Libelli
381 1291 421 1348 ‘de
441 1291 567 1347 natalium
584 1292 645 1362 jure
665 1307 728 1363 pars
753 1290 854 1361 altera,
881 1291 914 1347 de
934 1290 1022 1347 causis
1041 1291 1077 1347 ob
1098 1307 1162 1363 quas
1182 1307 1251 1364 per·

275 1405 356 1443 sonae
376 1387 494 1459 genuino
513 1402 562 1442 suo
578 1387 641 1457 jure
662 1386 841 1442 destituantur
862 1388 901 1454 (c.
918 1387 1049 1459 40-503
1070 1405 1098 1460 p.
1112 1387 1173 1456 48).

176 1485 243 1540 Xlll.
274 1482 375 1538 Libello
401 1483 435 1537 de
460 1481 586 1537 natalium
608 1482 671 1552 jure
696 1481 877 1555 intemperans
902 1480 936 1536 de
961 1481 1106 1539 tutelarum
1127 1481 1251 1539 curatio-

270 1595 385 1648 numque
412 1580 474 1648 jure
505 1576 748 1634 commentariolus.
793 1575 960 1646 Argumenta
992 1577 1062 1633 male
1092 1594 1107 1633 a
1132 1577 1251 1636 librariis

265 1672 373 1729 'inserta
394 1673 526 1744 capitibus
546 1670 659 1727 51-55
682 1673 723 1744 (p.
738 1673 799 1739 54).

366 1775 474 1841 Insignis
493 1775 604 1827 saxonici
619 1774 748 1842 scriptoris
762 1773 849 1842 lapsus
865 1774 891 1826 in
905 1773 963 1826 loco
975 1773 1008 1826 dc
1023 1775 1093 1827 senis
1104 1775 1250 1829 valetudine

323 1862 355 1913 ob
368 1861 508 1913 faciendam
520 1862 607 1912 mortis
620 1875 697 1912 cansa
709 1860 871 1912 donationem
883 1860 1049 1912 examinanda
1062 1864 1100 1928 (p.
1108 1861 1140 1912 55
1152 1870 1204 1914 not.
1212 1862 1250 1928 1).

168 1958 239 2015 XlV.
272 1957 366 2030 Capita
386 1959 508 2015 bavarioi
528 1957 592 2013 libri
611 1956 738 2014 56-58
758 1957 826 2013 male
846 1958 899 2014 buc
919 1975 934 2013 e
954 1957 1077 2031 margine
1099 1958 1194 2031 capitis
1212 1961 1248 2015 45

270 2053 381 2124 disjecta
402 2058 441 2125 (p.
458 2052 519 2122 56).

178 2147 237 2204 XV.
269 2147 486 2205 Commentarioli
513 2147 547 2204 de
574 2148 664 2203 tutelis
687 2153 845 2219 argumenta
866 2148 922 2220 juri
941 2161 1053 2205 romano
1074 2149 1250 2207 accomodata

272 2247 310 2309 (c.
326 2244 466 2314 59-66),
486 2260 554 2316 quae
575 2243 662 2298 omisit
683 2244 825 2299 saxonicus
846 2243 1008 2317 epitomator
1030 2245 1072 2316 (p.
1088 2244 1148 2313 58).

166 2337 237 2394 XVI.
269 2339 340 2393 boca
360 2339 479 2410 ejusdem
496 2338 709 2395 commentarioli
730 2341 767 2407 (c.
783 2338 911 2407 67-69)
932 2339 959 2396 iu
979 2339 1134 2397 saxonicum
1152 2340 1249 2397 librum

269 2434 367 2505 partim
392 2434 535 2504 translata,
560 2433 659 2506 parlim
679 2450 695 2489 a
715 2433 843 2490 saxonico
865 2434 999 2506 scriptore
1026 2435 1103 2492 novis
1127 2436 1248 2492 additio-

269 2529 345 2583 nibus
366 2534 445 2584 aucta
465 2532 504 2600 (p.
520 2527 580 2597 61).

154 2621 238 2678 XVll.
270 2622 348 2677 Tituli
368 2622 553 2693 bajuariorum
574 2622 642 2692 legis
658 2621 798 2691 (lll-lX)
819 2623 852 2679 ad
868 2639 935 2695 quos
951 2625 1039 2681 nullae
1061 2626 1247 2686 adnotationes
1332 2638 1336 2653 ¹

269 2717 295 2771 iu
316 2716 446 2772 bavarico
464 2717 533 2788 juris
554 2718 699 2774 communis
718 2718 790 2775 libro
811 2718 981 2775 inveniuntur
1001 2724 1041 2793 (p.
1057 2722 1118 2792 68).

141 2812 237 2867 XVlll.
268 2812 312 2866 Ad
337 2812 520 2883 bajuariorum
546 2813 616 2883 legis
643 2813 735 2870 titulos
759 2813 784 2870 X
808 2819 835 2868 et
853 2813 891 2869 XI
913 2814 984 2885 juris
1011 2819 1157 2876 communis
1183 2820 1247 2877 libri

268 2906 453 2962 adnotationes
475 2908 513 2974 (c.
527 2906 576 2978 86,
589 2907 641 2977 81;
662 2925 689 2981 p.
704 2907 764 2978 68).

164 3000 235 3058 XlX.
269 3000 309 3056 Ad
321 3002 506 3073 bajuariorum
517 3002 587 3073 legis
598 3002 702 3059 titulum
711 3003 760 3060 Xll
771 3004 805 3060 dc
815 3005 974 3078 pignoribus
985 3009 1024 3076 (c.
1032 3007 1244 3083 81-853puo).

175 3095 233 3150 XX.
265 3096 336 3152 turis
363 3097 509 3152 communis
533 3097 597 3152 libri
623 3098 840 3156 concinnatorem
866 3101 930 3157 loco
956 3102 990 3160 de
1013 3104 1173 3177 pignoribus
1193 3123 1246 3165 non

265 3191 321 3247 siue
344 3192 437 3262 judice
464 3192 602 3264 capiendis
628 3194 794 3265 subjunxisse
815 3199 1021 3256 commentarios
1042 3198 1076 3257 de
1097 3201 1245 3272 judiciario

263 3285 374 3355 ordine,
398 3286 530 3359 dipositos
552 3287 587 3342 ad
606 3289 758 3357 „Taucredi
778 3289 952 3348 bononiensis
969 3294 1143 3364 judiciarium
1164 3296 1244 3352 ordi-

263 3377 343 3434 nem''
366 3382 406 3452 (p.
422 3379 482 3447 71).

162 3473 232 3530 XXl.
264 3474 347 3531 XXll.
393 3475 499 3530 Notae
538 3475 579 3530 ad
611 3476 779 3534 'l'ancredi
815 3480 1043 3550 judiciarium
1077 3484 1242 3542 ordinem.

262 3570 395 3626 Taucredi
414 3587 478 3643 pars
498 3572 584 3643 prima
603 3571 644 3627 tit.
661 3572 757 3629 l-—lll
778 3576 816 3642 (c.
831 3574 884 3646 86;
904 3593 931 3648 p.
951 3575 1012 3646 71).

136 3661 231 3717 XXlll.
263 3664 393 3721 Taucredi
412 3682 476 3740 pars
496 3666 583 3739 prima
603 3667 643 3723 tit.
660 3666 776 3724 lv-vl
796 3672 833 3738 (c.
848 3669 987 3741 86-90).

136 3755 232 3813 XXlV.
264 3757 396 3814 Taucredi
415 3777 479 3833 pars
500 3761 584 3817 altera
607 3765 644 3830 (c.
661 3760 809 3833 91-1173
830 3781 856 3837 p.
871 3765 933 3834 74).

357 3850 396 3902 Ex
419 3869 505 3906 errore
529 3863 590 3907 nata
614 3871 673 3909 esse
694 3871 759 3925 quae
782 3858 807 3907 in
832 3859 953 3910 saxonico
976 3860 1040 3912 libro
1063 3861 1184 3927 leguntur
1207 3863 1242 3914 da

312 3937 446 4004 septuplici
465 3940 596 4005 judiciaria
614 3958 700 4011 pugna
718 3943 843 3996 adversus
857 3945 959 4010 judices
978 3946 1126 4001 sustinenda
1144 3948 1178 4000 ob
1195 3966 1240 4001 re-

311 4022 464 4088 prehensam
481 4042 568 4078 eorum
586 4030 735 4081 senteutiam
754 4030 792 4095 (p.
805 4030 839 4082 72
857 4039 908 4083 not.
922 4031 998 4098 l)²).

147 4245 152 4256 Ι
175 4161 204 4224 1)
225 4161 252 4211 Ρ,
268 4162 298 4210 41
320 4178 344 4213 v.
360 4162 394 4211 20
412 4170 437 4214 et
454 4165 485 4215 21
506 4165 627 4218 emenda:
647 4169 740 4237 „idque
759 4184 824 4221 anno
843 4170 944 4222 demum
961 4168 1153 4225 MCCLXXXlll
1172 4189 1237 4225 con-

105 4253 222 4311 scriptam
241 4250 324 4299 essc.''

173 4331 204 4393 2)
228 4332 254 4386 P.
270 4335 303 4384 97
322 4335 363 4387 lin.
379 4334 410 4386 31
430 4335 502 4404 laga:
526 4334 662 4406 „Tantam”
684 4357 735 4395 non
758 4351 786 4395 ut
809 4344 931 4400 mcndnac
953 4347 1021 4415 typis
1044 4354 1174 4401 exaratum
1196 4356 1236 4401 cst
