2722 4898
516 336 750 400 ..209-

63 510 134 583 post
149 503 224 568 solis
239 521 384 568 occasum
399 507 509 570 solutio
524 525 607 570 non-

67 606 135 668 dum
152 605 233 669 iacta
249 606 351 686 inerit,
374 609 518 690 postridie
538 618 607 674 ante

68 708 607 796 tertiamdebitoriauicraturpignus,

10 888 12 893 Ι
72 819 98 874 ct
111 813 247 876 tradatur
260 815 416 893 creditori,
434 816 608 879 distrahen-

75 915 153 996 dum,
180 917 259 980 sicut
281 935 373 998 supra
397 918 434 980 de
458 926 606 982 extranco

77 1019 220 1082 creditore
241 1018 426 1084 dictumest.

126 1123 211 1178 Judex
238 1123 447 1195 quotiescunque
476 1124 502 1178 in
530 1124 606 1195 judi-

80 1217 124 1271 cati
147 1233 225 1273 causa
249 1218 365 1290 pignora
392 1218 522 1290 capienda
548 1225 607 1274 sunt

81 1311 189 1367 naletam
209 1328 225 1367 a
245 1310 370 1367 debitore
391 1312 516 1385 accipiat.

129 1405 230 1478 Gaput
255 1405 320 1462 305.
361 1405 404 1461 Ad
431 1406 526 1478 capitis
549 1406 604 1462 305

82 1497 137 1556 litc
153 1500 250 1557 verba:
270 1499 380 1570 „chm
399 1517 465 1555 moa
485 1518 538 1557 cor
553 1519 605 1575 qe-

85 1593 158 1652 ricbte
175 1596 272 1669 palte
291 1590 447 1650 wettet’':
541 1592 547 1608 '

128 1690 155 1744 Si
170 1697 274 1745 certum
290 1704 382 1745 coram
399 1688 537 1744 ordinario
554 1690 603 1761 ju-

85 1781 130 1838 dice
148 1783 304 1840 condicatur
324 1791 367 1838 ter
387 1783 413 1838 in
431 1784 476 1854 jus
492 1789 605 1839 vocetur

86 1882 177 1946 reus¹).

128 1973 192 2028 Reus
212 1988 342 2045 praesens
360 1978 387 2028 et
402 1972 541 2028 confessus
561 1978 606 2028 aut
709 1973 808 2041 „Sacer
831 1974 990 2046 pbeaaiaqe
1016 1977 1086 2031 oder
1111 1976 1198 2032 sitbcr

87 2067 256 2124 condemnatus
270 2067 315 2122 uei
333 2067 421 2122 statim
437 2066 545 2122 solvere
557 2068 605 2137 ju-

86 2158 161 2216 beatur
174 2162 216 2217 nel
233 2160 374 2231 satisdare,
394 2161 463 2216 datis
476 2161 605 2233 pignori-

87 2252 129 2325 bus,
137 2257 288 2329 priusquam
300 2255 429 2311 discedat.
450 2256 479 2312 st
490 2256 606 2327 pignora

658 2067 759 2138 geddeo
783 2067 835 2122 sol.
861 2066 946 2122 dedet
967 2069 1018 2124 incr
1038 2070 1077 2124 dc
1102 2071 1197 2126 cedde

658 2176 720 2215 cor.
741 2161 792 2216 der
808 2161 852 2216 ais
869 2163 907 2216 dc
922 2164 1002 2218 mede
1021 2163 1099 2219 oicbt
1113 2162 1197 2239 tedtp.

658 2256 685 2309 ir
704 2255 839 2328 qelobede
858 2264 905 2312 sta
925 2251 1055 2323 nanda.

85 2348 194 2407 tradenda
222 2366 275 2407 non
295 2351 406 2420 habeat,
432 2349 605 2422 fidejussores

85 2438 131 2514 det,
160 2445 192 2502 de
225 2445 339 2520 pecunia
371 2444 442 2500 intra
471 2444 606 2499 octiduum

83 2534 202 2595 solvenda.
230 2539 259 2595 si
277 2556 327 2595 aec
340 2539 510 2609 fidejussores
525 2539 605 2592 inve-

80 2625 124 2683 niat
142 2633 277 2689 custodiae
299 2633 451 2703 mandetur,
478 2639 607 2704 utsupra

78 2715 165 2782 dictam
186 2732 236 2783 est.

709 2803 795 2873 „Meo
824 2811 883 2859 mut
909 2804 995 2861 sibber
1019 2807 1074 2862 mol
1096 2809 1197 2880 geddeo

655 2897 705 2952 mit
725 2896 824 2953 boden.
851 2897 1022 2956 niciciacmc
1046 2899 1136 2956 bodeo
1160 2919 1197 2959 aa

657 2991 703 3046 soi
720 3008 781 3047 men
805 2993 832 3047 in
856 2992 926 3048 aber
946 2996 1117 3051 ontwcrden.
1145 2996 1197 3051 der

656 3103 692 3141 oc
717 3086 744 3141 si
770 3085 937 3144 bcscbeideo
962 3089 1037 3144 dono
1065 3082 1119 3145 nor
1143 3107 1195 3163 pe-

66 3200 271 3228 κων-...-

143 3283 172 3354 1)
198 3283 337 3341 Materiem
366 3285 410 3339 hic
441 3284 517 3340 locus
548 3281 677 3339 saxonico
706 3284 832 3357 scriptori
863 3285 987 3356 praebuit
1018 3285 1194 3356 digressionis

56 3369 167 3435 ‘elatae
187 3379 215 3434 in
234 3378 327 3434 tabula
346 3377 487 3451 synoptico
508 3378 541 3433 ad
562 3382 642 3450 capnt
661 3376 837 3449 praecedens.

140 3474 173 3541 2)
200 3473 345 3530 bavaricus
365 3473 435 3528 liber
454 3473 540 3528 refert·
560 3471 693 3542 antiquam
710 3470 872 3540 judiciorum
893 3472 1122 3542 consuetudinem,
1142 3489 1194 3544 qua

56 3564 214 3637 ⁰0gehatur
235 3567 424 3623 condemnatus
440 3566 481 3622 vel
502 3563 704 3641 reprehendere
724 3566 811 3620 statim
833 3566 988 3621 sententiam
1001 3567 1027 3621 in
1042 3582 1071 3621 sc
1087 3566 1195 3637 dictam,

54 3655 107 3712 Vel
131 3661 290 3717 satisfacere
310 3661 425 3731 victori,
451 3659 604 3733 prinsquam
625 3657 818 3730 dimitteretur3
847 3659 880 3713 de
901 3675 953 3730 quo
974 3659 1051 3732 plura
1072 3659 1148 3729 legas
1168 3659 1195 3714 in

57 3733 135 3810 libro
155 3771 170 3810 a
190 3770 232 3810 me
254 3754 298 3809 edi
319 3760 431 3828 coepto:
459 3754 566 3823 system
587 3751 639 3807 und
661 3750 819 3807 Geschicinte
840 3752 886 3807 des
907 3752 989 3808 irann.
1007 3752 1193 3808 civil-Proc-

57 3827 178 3904 &cures
199 3849 278 3917 (Tom
297 3850 318 3919 1,
338 3865 364 3920 p.
383 3847 442 3914 79).
483 3847 632 3904 Saronicus
657 3844 809 3917 plagiator,
836 3845 945 3900 miratus
970 3844 1004 3900 dc
1031 3845 1193 3917 pignoribus

57 3923 135 4010 diei,
152 3941 198 3997 ubi
219 3941 361 3998 solutionis
382 3942 502 4013 quaestio
523 3942 647 4009 suberat,
673 3940 803 4013 simulque
823 3937 1007 4009 subsequentis
1028 3939 1124 4011 capitis
1136 3930 1194 3993 'ar-

55 4031 191 4092 mento
212 4035 351 4108 deceptus,
371 4034 564 4104 infelicissimo,
585 4050 663 4105 quem
677 4033 782 4105 saepias
796 4031 897 4101 notavi,
918 4030 1075 4087 emendandi
1088 4031 1193 4103 pruritu

56 4120 217 4185 etiamtum
236 4128 384 4185 inlocose
405 4128 493 4200 abripi
512 4144 603 4200 passus
624 4132 679 4197 est,
704 4126 846 4198 genuinam
866 4125 1023 4180 sententiam
1044 4124 1195 4197 depravans

56 4206 208 4352 g'itamquc
226 4222 268 4279 iiii
288 4221 448 4279 substituens
468 4223 604 4292 reguiam:
625 4220 765 4290 solvendo,
784 4235 838 4275 non
850 4218 967 4291 pignora
981 4218 1069 4274 dando
1082 4215 1195 4272 libcrari

80 4307 223 4374 ebitorem.

957 4421 990 4476 14
