2722 4898
551 371 594 386 -
640 284 706 402 mr
745 373 788 386 -

172 508 195 565 Si
213 509 290 581 virgo
311 510 356 565 vei
378 509 474 567 mulier
491 510 543 567 vim
564 527 641 582 passa
745 513 806 569 Art.
825 509 877 568 109
890 515 935 580 ι).’
963 512 1095 583 „stimme
1117 511 1235 587 nichep-

129 602 287 674 qu'usdarnin
307 606 409 662 aedes
430 607 641 663 munitasab-
694 607 741 662 nir
770 608 864 664 tande
896 606 1062 681 unqericdte
1096 609 1142 666 sot
1174 625 1236 666 mea
1263 591 1265 595 ⁵

127 706 197 771 repta,
228 702 270 756 vei
300 707 440 774 postquam
472 708 549 774 rapta
583 707 643 757 erat
694 702 850 775 apdouwem
872 701 971 773 dorpd.
997 700 1121 772 burn.]¹)
1147 703 1175 758 iz
1201 721 1237 761 oe

126 794 234 850 violenter
260 795 298 850 ibi
324 801 444 868 stuprata
469 796 566 866 fuerit,
592 812 642 852 nec
695 797 723 853 si
743 797 798 852 daz
818 797 857 852 da
876 803 971 869 mopet
991 796 1062 853 oder
1079 796 1151 869 wipd
1171 797 1237 854 inne

123 889 239 945 domitans
261 889 419 947 defensores
444 890 576 946 invenerit
600 897 645 946 aut
695 892 853 965 pecodepet
873 886 926 946 ss'.”

122 981 211 1040 defendi
226 985 356 1056 potuerit,
375 991 504 1056 actorque
519 985 644 1041 adhibitis

120 1076 206 1136 duobus
225 1080 350 1151 testibus,
371 1079 416 1151 qui
437 1079 488 1151 ipsi
507 1080 643 1152 plangen-

118 1178 160 1230 ten
179 1173 304 1233 feminam
329 1173 464 1231 audierint
490 1173 523 1230 de
544 1181 642 1248 rapto-

115 1284 162 1325 rum
176 1271 308 1343 personis,
329 1269 416 1344 deque
434 1268 555 1341 aedibus,
575 1270 644 1326 intra

115 1380 168 1435 qrras
196 1383 256 1422 cum
288 1363 391 1440 praeda
421 1381 449 1419 se
482 1365 646 1438 receperint,

113 1460 235 1517 certiores
255 1459 407 1518 reddiderit
424 1458 540 1532 judices,
563 1459 646 1531 gladii

112 1568 216 1624 poenam
236 1556 279 1615 rei
298 1555 442 1627 patiantur.

181 1666 364 1720 Interiiciantur
381 1665 643 1735 animaliaquaecun-
740 1663 800 1729 „Ar
819 1663 952 1717 labenda
971 1665 1054 1718 dinc.
1080 1668 1127 1719 dua
1144 1667 1173 1718 in
1191 1667 1237 1719 der

145 1769 202 1821 que,
222 1753 336 1821 jumenta
359 1761 385 1807 et
405 1760 534 1817 armenta,
558 1767 644 1816 canes,
695 1754 824 1818 mutnumft
842 1769 903 1806 aras.
927 1752 975 1804 dac
993 1750 1105 1806 salmes
1121 1752 1237 1805 arthou-

145 1837 217 1905 ieles‚
245 1839 372 1908 gallinae,
398 1854 516 1903 anseres,
546 1847 644 1904 anates,
696 1835 834 1903 dedeu’'⁴).
928 1833 940 1845 '

145 1940 212 1991 sues,
241 1925 370 1991 homines,
399 1924 526 1990 juvenes,
557 1941 644 1989 aenos,

146 2011 309 2082 quodcunque
336 2012 436 2064 demum
458 2012 549 2065 vivens
576 2013 643 2064 intua

147 2097 325 2168 deprehensum
342 2098 463 2164 fuerit⁸).

116 2252 171 2262 δὴ.
198 2259 230 2264 ...
245 2257 311 2264 ...---.

182 2358 213 2430 1)
233 2359 376 2416 liissecans
397 2365 579 2432 argumentum
596 2357 762 2432 propositum
784 2357 903 2416 saxonici
919 2357 983 2415 libri
1000 2357 1158 2431 recognitor
1174 2363 1235 2414 ter-

110 2449 171 2508 tium
188 2454 241 2510 iroc
261 2454 324 2512 ioco
345 2456 446 2528 speculi
465 2456 564 2512 librum
584 2453 693 2525 incepit.

182 2550 214 2619 2)
235 2551 310 2617 Quae
331 2549 370 2606 de
390 2550 535 2607 nedibus
554 2564 617 2605 non
637 2548 817 2606 diruendis
843 2549 986 2606 saxonicas
1009 2549 1126 2623 scriptor
1146 2548 1238 2620 infert,

113 2650 198 2713 apeme
218 2645 318 2716 scripta
338 2652 413 2716 sunt,
432 2650 461 2700 ut
481 2643 717 2701 contradiceretur
737 2644 858 2700 bavarici
878 2644 941 2700 iibri
961 2644 1040 2716 ioco,
1060 2661 1138 2717 quem
1157 2660 1237 2717 supra

112 2739 195 2811 retuli,
214 2755 345 2812 quemque
364 2739 402 2796 ihi
422 2755 475 2796 non
499 2739 647 2795 inconsulto
668 2745 780 2826 apparet
801 2740 924 2795 omissum
946 2756 1015 2811 esse,
1034 2739 1099 2796 licet
1118 2739 1152 2794 dc
1170 2754 1237 2796 vera

111 2832 187 2891 medii
206 2836 266 2892 aevi
286 2835 336 2891 ista
358 2835 550 2891 consuetudine
576 2851 636 2889 cum
662 2833 780 2905 aiioquin
803 2841 858 2890 tum
877 2835 992 2891 maxime
1013 2850 1048 2890 ex
1069 2849 1103 2890 eo
1123 2839 1237 2905 constet,

111 2928 179 2999 qnod
196 2922 307 2985 Hdnrici
332 2929 407 3002 regis
432 2936 529 3001 treuga
556 2929 616 2984 anni
640 2929 712 2986 1230
734 2931 798 2998 (ert.
814 2928 865 2998 13)
887 2930 1031 3000 docemur,
1056 2945 1109 2986 non
1134 2929 1237 2985 incolas

110 3019 204 3080 tanum
229 3024 277 3081 sed
302 3030 329 3081 et
355 3024 425 3096 ipsas
451 3024 531 3080 aedes
557 3024 780 3098 proscribendas‚
806 3024 834 3080 id
860 3031 900 3080 est
923 3032 1000 3082 extra
1020 3024 1094 3098 pacis
1114 3024 1190 3096 leges
1209 3024 1237 3080 in

110 3120 287 3176 contumaciae
313 3118 400 3175 canus
425 3120 562 3191 ponendas
588 3119 680 3177 fuisse.
720 3120 776 3176 Nec
802 3137 870 3194 quae
897 3120 960 3177 alibi
988 3119 1091 3192 (capite
1114 3118 1183 3189 144)
1210 3119 1237 3175 in

108 3203 233 3271 hererico
252 3213 325 3271 libro
347 3213 381 3269 de
407 3214 591 3287 expugnandis
611 3214 799 3287 diruendisque
826 3215 937 3271 aedibus
957 3221 1103 3271 occurrunt
1123 3213 1236 3286 supple-

110 3309 187 3365 menti
206 3309 240 3366 ad
260 3309 416 3366 saxonicum
437 3309 535 3365 librum
556 3310 730 3365 concinnator
748 3326 798 3365 sua
820 3309 883 3364 inde
904 3309 995 3366 iacere
1016 3308 1173 3380 dedignatus
1195 3313 1237 3363 est

110 3403 172 3469 (art.
189 3402 244 3461 157
265 3403 371 3461 uerbis:
397 3403 461 3476 „die
483 3403 603 3461 richtere
628 3405 667 3461 sol
692 3421 725 3460 au
746 3403 829 3477 deme
855 3410 945 3461 ersten
970 3404 1018 3460 mit
1043 3418 1156 3474 epneme
1180 3400 1236 3457 bile

111 3495 151 3555 dri
168 3499 245 3572 siege
265 3496 366 3568 slan”).

181 3595 213 3664 3)
233 3595 323 3652 Facile
343 3593 508 3667 intellegitur
529 3595 658 3652 calamum
673 3596 725 3652 hoc
740 3596 802 3652 ioco
819 3593 976 3651 exercuisse
992 3592 1133 3667 insipidum
1147 3606 1234 3668 quen·

108 3685 166 3744 dam
184 3690 311 3759 scribam,
331 3690 520 3747 execrationes
541 3690 631 3746 iorsau
651 3707 687 3747 ex
707 3691 794 3747 veteri
814 3691 927 3762 quadam
947 3688 1151 3762 proscriptionis
1172 3689 1235 3746 for·

109 3785 176 3842 mula
195 3784 376 3859 appingendo.

181 3882 214 3952 4]
234 3882 332 3938 Parum
351 3880 378 3937 in
399 3879 564 3938 emendando
578 3881 645 3937 felix
659 3880 703 3937 hic
717 3880 926 3953 deprehenditur
946 3879 1087 3937 saxonicus
1107 3879 1236 3951 scriptam·

109 3971 259 4034 trasaricum
273 3977 373 4048 iocum,
393 3977 438 4048 qui
457 3977 545 4049 potius
566 3977 717 4047 argumenti
733 3976 768 4032 ob
782 3976 928 4032 fatuitatem
947 3974 1111 4047 rejiciendus
1130 3974 1236 4044 fuisset,

112 4071 262 4144 corrigens,
287 4071 453 4143 adjiciendo:
484 4071 553 4143 „dan
578 4071 605 4126 in
631 4072 679 4127 der
703 4070 836 4128 notnumit
858 4071 950 4143 was'';
987 4087 1064 4144 quem
1089 4070 1159 4126 enim
1185 4064 1236 4125 nisi
1314 4078 1317 4085 ⁴

114 4163 184 4234 piane
209 4167 427 4229 absurdissimum
452 4167 611 4238 scriptorem
636 4184 688 4223 non
715 4165 871 4224 offendisset
894 4164 1006 4222 retentis
1025 4164 1146 4222 bavarici
1171 4164 1235 4224 libri

114 4262 196 4319 uerbis
215 4262 412 4335 „quodcunque
437 4262 534 4318 animal
554 4261 648 4320 vivens
673 4263 721 4333 (aii
741 4261 855 4318 lebende
876 4258 970 4333 dinc)''
992 4260 1122 4334 appellari
1142 4258 1235 4330 virgi-

118 4368 168 4412 num
187 4365 311 4433 raptores
331 4373 478 4432 eorumque
499 4358 641 4429 adjutores.
