2722 4898
570 350 804 418 ..200-

180 529 301 614 Caput
332 527 402 595 138.
447 529 515 592 Rex
549 529 663 593 curiam
767 528 832 593 Art.
851 526 921 593 155.
958 528 1091 605 „Biedet
1114 529 1171 592 der
1191 528 1252 592 lm-

121 652 208 699 suam
230 634 345 697 indicat
366 640 488 697 servato
509 639 577 696 ante
596 641 662 697 sta·
712 636 789 715 nlnp
815 633 887 709 [der
908 634 1012 698 rietes
1034 634 1139 697 dienst
1160 633 1250 708 eder]

122 748 218 803 tutum
248 739 328 802 diem
357 755 414 799 sex
441 737 662 801 hebdomadum
713 739 804 802 sinen
825 739 887 820 leof
908 739 977 812 [mit
997 737 1140 811 ardelen]
1168 737 1253 799 ande

122 842 293 922 intervallo,
316 841 453 904 evocatis
476 842 662 924 principibus
713 844 793 906 lazet
826 842 882 904 lter
914 843 966 903 ine
997 841 1157 922 landepen
1191 840 1252 902 den

125 930 251 1027 aliisque
273 945 453 1027 proceribus
480 964 536 1027 per
557 946 661 1008 literas
713 948 840 1012 ceneten
857 946 912 1010 mit
928 948 1026 1009 sicem
1043 946 1147 1008 brieve
1169 942 1251 1006 unde

126 1052 220 1135 sigillo
245 1049 375 1115 clausas
713 1052 882 1132 iaqesipele
909 1071 960 1114 ses
988 1050 1113 1114 nechea
1142 1050 1173 1111 ir
1195 1047 1252 1110 laer

177 1153 307 1217 Evocati
334 1160 462 1235 pareant
495 1153 572 1214 intra
602 1170 661 1233 pa·
712 1155 838 1217 werden
872 1155 958 1218 selle.
996 1154 1055 1216 den
1088 1153 1185 1215 cellen
1217 1171 1252 1213 se

129 1260 199 1320 triae
214 1264 328 1320 tantum
342 1257 434 1335 fines3
458 1257 562 1320 venire
582 1275 661 1319 ccn-
712 1257 828 1321 sacten
858 1258 972 1321 blanca
1004 1255 1172 1319 dudisclter
1200 1261 1253 1319 ert

129 1366 290 1424 temnentes
308 1361 502 1437 mulctentur3
522 1360 661 1423 mulctam
713 1366 794 1437 [swa
826 1362 882 1423 lrer
910 1362 964 1434 is].
999 1362 1100 1423 laneat
1127 1379 1171 1422 se.
1204 1358 1251 1420 sie

131 1464 288 1545 principum
307 1482 378 1527 esse
400 1471 519 1527 centum
543 1465 661 1548 argenti
712 1464 841 1529 neddere
857 1464 900 1528 de
917 1484 1024 1529 emme.
1046 1465 1106 1528 Die
1123 1470 1251 1526 ceneten

130 1566 228 1647 libras,
251 1586 431 1648 procerum,
456 1570 506 1648 qui
527 1569 660 1631 barenes
713 1569 869 1644 [altenare
898 1569 947 1630 len
975 1567 1089 1642 leben]
1121 1566 1251 1631 neddere

135 1670 276 1750 licuntur,
311 1672 529 1755 quinquaginta
556 1671 659 1751 libras,
713 1672 798 1734 deme
826 1672 960 1751 laninye
988 1671 1122 1733 leandert
1140 1670 1250 1750 plant.

131 1792 196 1837 suae
222 1781 365 1839 monetae
394 1776 420 1839 si
448 1776 506 1856 ipsi
530 1775 661 1838 cudendi
712 1775 887 1840 claudere
916 1775 986 1836 lade
1018 1773 1162 1837 weddent
1193 1790 1250 1834 nea

126 1885 257 1942 monetas
276 1879 347 1960 jure
371 1879 501 1960 praediti
530 1880 602 1958 sint,
633 1880 659 1944 si
707 1880 817 1960 plant.
841 1879 898 1955 [dc
916 1897 984 1940 men
1001 1897 1051 1939 nm
1069 1875 1251 1957 anpericlrte

122 2000 161 2045 ec
182 1983 253 2064 jure
283 1989 424 2062 careant,
458 1989 600 2046 monetae
629 1985 660 2045 in
711 1983 798 2047 nient
818 2002 857 2046 ne
876 1981 1044 2056 weddet].’'

120 2085 227 2148 eadem
243 2083 378 2149 dioecesi
394 2086 521 2149 usitatae
527 2109 536 2164 3
560 2104 660 2166 eque-

116 2190 188 2253 stris
201 2190 315 2253 ordinis
330 2189 494 2253 liberorum
505 2190 659 2253 heminam

113 2294 259 2356 mulctam
300 2310 371 2355 esse
407 2294 514 2376 viginti
554 2293 659 2371 libras,

112 2396 358 2460 ministerialium
382 2397 504 2476 decem,
528 2397 659 2477 itemque

109 2501 303 2580 reliquorum
314 2501 444 2562 omnium
455 2502 571 2581 imperii
583 2500 659 2563 sub-

115 2603 249 2667 (litorum
272 2603 378 2665 decem
400 2603 501 2683 libras,
525 2622 562 2666 ea
586 2622 658 2666 ser-

112 2707 217 2770 uanda
229 2706 422 2771 distinctione
438 2714 469 2769 ut
483 2708 579 2786 prima
590 2708 659 2769 vice

114 2828 178 2875 nun
201 2811 360 2874 venientes
391 2810 520 2891 simplici
547 2810 659 2872 mulcta

116 2916 300 2996 plectentur,
330 2913 425 2975 altera
447 2915 515 2977 vice
545 2921 657 2978 contu-

120 3034 219 3081 maces
243 3018 364 3098 duplum
388 3017 514 3080 solvant.
557 3018 657 3080 Tertia

119 3123 185 3185 vice
196 3120 313 3203 frustra?
324 3121 443 3183 citatum
458 3121 658 3202 proscriben-

121 3225 186 3288 dum
204 3241 285 3304 esse,
303 3224 329 3286 si
343 3225 485 3306 princeps
504 3225 541 3286 sit
556 3225 658 3287 habito

119 3329 283 3409 principum
317 3346 377 3391 non
412 3328 508 3390 minus
543 3334 657 3408 septem

120 3432 263 3512 consilio,
293 3432 319 3493 si
349 3430 473 3494 alterius
503 3430 657 3510 quusdam

120 3533 300 3598 conditionis
330 3535 369 3597 sit
392 3535 430 3597 de
457 3538 573 3615 septem
599 3532 657 3597 sibi

118 3638 232 3718 parium
255 3639 415 3702 sententia.

172 3750 213 3806 De
229 3749 436 3823 proscriptionis
453 3751 531 3823 culpa
547 3750 599 3805 hoc
613 3751 656 3822 jus

116 3861 173 3902 csse
200 3843 372 3901 servandum:
399 3845 581 3919 proscriptum
606 3861 655 3917 per

116 3992 319 4000 w*

113 4091 189 4140 sante
204 4083 337 4141 silvester
354 4086 403 4142 der
423 4087 519 4158 pabest
532 4088 614 4157 etc.'',
634 4088 771 4158 pertinere
792 4087 826 4142 ad
846 4087 935 4142 lecum
955 4086 988 4140 de
1009 4083 1132 4140 stratoris
1153 4081 1245 4138 ollicio
1355 4158 1358 4163 Ι

111 4179 233 4253 pontifici
254 4197 304 4252 per
324 4181 516 4252 imperatorem
532 4181 694 4251 exhibendo,
715 4196 768 4237 non
788 4181 821 4237 ad
842 4180 1000 4237 sententiam
1020 4185 1049 4234 ut
1068 4174 1246 4233 ecclesiastici

111 4274 231 4344 laicique
247 4273 354 4345 judices
373 4275 488 4332 invicem
508 4276 559 4333 sibi
583 4276 720 4349 adjutores
740 4277 807 4348 sint,
831 4275 875 4332 cui
895 4275 964 4333 male
984 4291 1053 4333 nunc
1074 4272 1244 4345 conjunctum

110 4368 224 4442 legitur.
