2722 4898
552 389 598 437 -‚
640 352 701 416 rsa
744 386 788 397 -

696 526 794 582 deris
820 524 918 580 nicta
940 525 1114 597 peslopco
1137 522 1234 578 dode.

694 629 802 676 wenta
842 620 952 674 dorcic
990 619 1068 673 sirac
1105 618 1236 674 misse-

696 710 780 771 dct”
795 716 830 782 ¹).

573 926 766 999 xlilll.

194 1085 285 1166 llaJor
307 1085 499 1148 continuatae
521 1085 681 1148 bavaricae
706 1084 894 1148 collectionis
918 1101 1000 1164 pars,
1023 1089 1059 1146 ut
1082 1080 1237 1167 praelatus

127 1202 193 1266 sun,
213 1195 278 1250 orta
301 1195 348 1250 est
370 1206 410 1250 ex
432 1189 513 1251 notis
537 1188 575 1250 ad
599 1189 717 1251 tertium
736 1188 880 1271 Ansegisi
902 1178 1029 1265 librum,
1052 1204 1112 1265 quo
1137 1184 1237 1247 Caroli

127 1292 208 1373 magni
230 1292 267 1353 de
284 1292 355 1372 jure
377 1290 506 1372 profano
531 1293 761 1355 constitutiones
784 1292 987 1354 continentur.

194 1393 258 1457 Non
279 1396 431 1476 integrum
453 1413 529 1458 vero
552 1394 696 1477 Ansegisi
725 1395 844 1457 tertium
867 1394 974 1457 librum
998 1393 1239 1474 complectuntur

127 1503 199 1559 notae
227 1499 256 1559 in
285 1499 489 1560 continuatam
522 1499 695 1587 bavaricam
728 1498 939 1561 collectionem
968 1498 1149 1576 translatae,
1185 1497 1240 1560 sed

128 1600 207 1680 capita
233 1600 378 1663 duntaxat
407 1601 540 1663 sedecim
569 1603 688 1682 priora,
716 1599 825 1665 hausta
848 1620 888 1664 ex
913 1600 1012 1683 Caroli
1035 1601 1137 1684 magni
1160 1619 1240 1663 oon-

128 1703 306 1766 stitutionibus
331 1706 368 1768 ad
391 1705 542 1769 'leodonis
565 1707 664 1768 viliam
687 1724 767 1768 anno
791 1703 923 1767 DCCCV
938 1691 1138 1767 communiter
1160 1724 1239 1786 pro-

128 1806 212 1884 positis
240 1808 323 1870 clero
353 1816 384 1870 et
405 1809 549 1872 universo
573 1810 727 1890 populo²)
752 1826 810 1869 nec
830 1809 995 1871 dubitarem
1014 1808 1149 1870 bavarici
1169 1809 1238 1870 libri

129 1917 285 1990 argumenta
309 1912 345 1974 ad
368 1911 448 1974 bunc
470 1914 574 1993 potius·
593 1912 705 1975 iontem
729 1930 816 1991 quam
846 1912 885 1974 ad
908 1896 1051 2001 Ansegisi
1078 1910 1239 1973 collectio-

129 2028 183 2073 nem
206 2016 378 2078 revocanda
406 2033 491 2094 esse,
526 2017 584 2079 nisi
612 2034 708 2096 pauca
738 2016 887 2105 quaedam
920 2016 1001 2078 in'ter
1027 2016 1107 2097 ipsas
1137 2013 1238 2078 Caroli

129 2117 210 2197 magni
227 2119 456 2181 constitutiones
472 2126 645 2199 occurrant,
668 2137 747 2199 quae
764 2119 917 2199 praeteriit
933 2119 1116 2205 Ansegisus²
1138 2137 1238 2199 quae-

131 2233 177 2294 que
195 2221 223 2282 in
243 2222 388 2286 bavarieo
411 2224 501 2285 etiam
523 2223 601 2285 libro
625 2223 736 2286 intacta
758 2223 1025 2304 relinquuntur³).

262 2444 343 2517 Ad
370 2444 537 2517 varoli
567 2445 736 2533 magni
765 2444 1084 2532 imperatoris

489 2549 857 2620 constitutiones

133 2663 206 2718 ciero
227 2677 255 2721 et
276 2671 430 2723 universo
454 2672 577 2739 populo
601 2672 790 2739 propositas
813 2672 898 2738 apud
919 2671 1105 2722 Theodonis
1127 2673 1240 2724 viliam

559 2774 641 2810 anno
665 2756 794 2809 DCCCV

513 2858 626 2932 relatas
648 2860 687 2932 ab
709 2857 836 2960 magist

402 2985 487 3041 libri
512 2985 612 3041 tertii
637 2983 810 3077 capitibus
833 2981 946 3040 i-id.

341 3147 459 3230 Caput
484 3149 511 3212 i.
548 3145 591 3217 lit
612 3143 698 3235 placa
723 3143 880 3239 sommia

340 3251 460 3333 eaput
483 3254 512 3318 2.
549 3249 591 3321 lte
607 3247 741 3340 justitiis
763 3248 1004 3339 generatimst).

183 3395 292 3480 Caput
313 3399 386 3466 248.
423 3400 469 3464 De
492 3418 574 3481 pace¹
591 3401 646 3464 sub
741 3400 893 3495 Art.105,
919 3402 992 3478 „Nu
1010 3409 1164 3464 carmentet
1179 3403 1240 3463 den

136 3530 315 3548 Ἣ
401 3542 404 3547 .

192 3604 218 3680 1)
237 3607 362 3664 Bavarici
381 3606 436 3665 loci
456 3609 589 3681 principio
611 3610 771 3666 conveniunt
792 3609 876 3666 verba
900 3608 984 3665 minus
1004 3625 1100 3681 presse
1118 3608 1241 3680 superius

128 3698 186 3770 typis
205 3704 358 3776 exscripta·
1228 3714 1232 3719 '

189 3797 220 3867 2)
241 3799 323 3854 Peru
343 3799 418 3870 leges
439 3801 466 3855 T.
480 3801 502 3869 1,
522 3817 548 3871 p.
569 3800 628 3855 132.

188 3891 219 3960 3)
240 3893 383 3948 Pertiucnt.
395 3909 428 3949 eo
450 3895 563 3965 caput4
582 3895 763 3967 de‘precibus
784 3896 818 3951 ob
835 3895 955 3968 publicas
974 3894 1139 3949 calamitates
1159 3893 1240 3950 iusti-

119 3986 213 4042 tueudis
232 3989 368 4059 et.eapita
383 3988 506 4059 tat-tt,
526 3997 814 4062 quorumargumeuta
835 3990 953 4062 inprimis
970 3990 1071 4046 clerum
1090 3976 1241 4062 spectantia

116 4080 253 4152 Ansegisus
273 4081 366 4138 retulit
386 4083 411 4139 iu
433 4083 496 4139 iibri
515 4087 527 4141 l
548 4086 636 4158 capita
658 4085 817 4141 tit-115.

185 4175 218 4246 4)
239 4177 297 4248 „De
313 4177 426 4247 iustitiis
446 4180 623 4236 ecclesiaram
643 4182 707 4253 bei,
727 4183 867 4238 viduarum
888 4182 1069 4253 orphanorum
1095 4190 1121 4239 et
1144 4183 1239 4256 pupil-

110 4273 197 4329 lorum
216 4273 413 4346 praecipimus,
438 4280 465 4329 ut
491 4274 519 4331 in
539 4276 652 4348 publicis
673 4277 782 4348 judiciis
807 4292 858 4334 uon
883 4278 1068 4351 despiciantur
1086 4279 1240 4350 clamantes,

107 4367 155 4424 sed
175 4365 322 4439 diligenter·
342 4369 510 4426 audiantur.''
