2722 4898
569 351 805 421 ..ῥεμ-

710 528 837 586 nodeaen
856 527 934 583 niem
953 542 991 583 aa
1010 533 1127 583 antone«

709 622 761 679 ter
781 623 831 678 des
852 630 948 679 ersten
967 621 1058 679 udicis
1079 621 1115 697 ie.

711 716 792 790 elape
810 704 945 799 pedepits
960 717 1012 774 der
1030 733 1067 775 ne
1087 717 1127 775 du

710 810 820 885 durqen
839 820 942 868 setena.
963 829 1028 868 nnn
1045 829 1127 893 nore

711 906 776 978 pett.
800 905 831 960 ot
848 906 874 962 si
893 906 946 962 der
966 907 1048 982 ctope
1067 906 1127 964 nete

177 1007 285 1083 Ceput
304 1008 370 1065 268.
404 1006 448 1064 Ad
471 1006 659 1081 praecedentis

117 1101 214 1178 cepitis
240 1102 340 1160 verha:
374 1102 468 1172 ‚ende
494 1103 573 1160 einer
598 1103 660 1160 dem

117 1199 243 1256 anderen
261 1199 319 1269 fior
338 1198 392 1254 tat
410 1193 573 1272 peb‘otten”:

173 1311 202 1366 in
214 1311 276 1381 jure
291 1309 397 1382 quando
411 1309 591 1384 conspiciatur
605 1308 657 1365 ad-

116 1404 254 1461 versarius
268 1404 294 1460 in
305 1405 350 1475 jus
364 1404 508 1461 vocatione
524 1420 577 1461 uon
592 1420 659 1477 opus
762 1398 766 1403 ’

116 1515 176 1555 esse
193 1499 296 1572 actori3
318 1498 366 1556 sed
382 1499 544 1555 immobilem
559 1516 617 1555 rem
635 1499 658 1554 si

114 1592 254 1650 vindicare
275 1593 356 1665 velit,
382 1593 503 1650 inducias
524 1593 659 1667 praesenti

114 1703 164 1745 reo
194 1687 380 1744 concedendas
415 1706 475 1746 esse
506 1705 591 1761 usque
625 1686 659 1744 ad

114 1768 265 1857 proximum
284 1784 382 1855 judieii
405 1784 486 1841 diem.

172 1895 282 1970 Caput
306 1896 371 1954 270.
412 1895 456 1952 Ad
482 1895 579 1968 capitis
600 1895 657 1952 268

113 1992 213 2048 verba:
242 1991 317 2061 „der
340 1993 397 2062 dar
419 1990 552 2066 petotten
576 1986 657 2046 det”:

170 2102 287 2158 Invicem
307 2103 334 2158 in
350 2103 395 2173 jus
415 2120 443 2158 se
461 2101 616 2159 vocantium
636 2101 658 2157 si

111 2202 207 2253 neutra
220 2213 284 2270 pars
299 2198 411 2253 atteram
428 2196 455 2252 in
470 2197 598 2254 citatione
612 2196 657 2253 fa-

113 2289 209 2347 cienda
224 2293 409 2364 praevenerit,
430 2291 561 2364 simulque
579 2291 657 2347 ambo

112 2391 220 2442 actores
231 2391 259 2441 et
269 2386 386 2442 vicissim
397 2385 439 2442 rei
446 2385 565 2457 judicem
576 2385 656 2442 adie-

110 2480 181 2552 rint,
201 2480 246 2552 qui
265 2480 342 2553 prior
361 2487 390 2537 ut
411 2498 508 2537 caune
527 2487 656 2554 patronus

111 2574 164 2632 sibi
182 2574 262 2632 detur
278 2576 465 2649 postulaverit,
485 2576 557 2648 quod
576 2576 657 2651 petiit

110 2669 246 2742 obtineat,
273 2677 300 2727 et
320 2671 402 2745 ipsius
425 2687 521 2728 causae
545 2677 655 2727 senten-

109 2763 173 2821 tiam
197 2764 284 2839 feret3
311 2765 333 2822 si
358 2782 408 2822 nec
433 2766 460 2822 in
484 2765 654 2839 impetrando

111 2875 207 2917 causae
222 2866 338 2934 patrono
354 2866 477 2934 tempore
496 2878 561 2917 unus
581 2860 653 2917 alte-

109 2970 168 3011 rurn
182 2957 365 3029 praevenerit,
379 2955 424 3027 qui
437 2963 501 3012 natu
516 2956 602 3027 maj0r
614 2960 656 3010 est

109 3049 187 3123 prior
204 3067 301 3107 causae
317 3057 460 3133 patronum
477 3049 601 3123 accipiat.

195 3159 299 3229 Caput
324 3159 384 3213 271.
423 3159 464 3213 Ad
492 3160 580 3228 capitis
603 3160 653 3211 269

142 3244 237 3301 verba:
268 3247 360 3312 „stete
382 3247 425 3299 eia
447 3263 508 3299 mna
531 3247 580 3298 den
602 3263 653 3299 aa·

144 3334 209 3386 drea
228 3350 275 3385 eor
290 3333 391 3404 peritate
410 3332 439 3385 ia
460 3335 506 3385 der
524 3333 653 3386 veteranae

143 3421 231 3473 eton''.·

194 3505 221 3560 si
247 3504 339 3559 absens
366 3505 475 3559 oriminis
501 3522 560 3558 reus
586 3507 651 3558 intra
753 3503 808 3558 Art
827 3505 886 3558 117.
926 3506 1016 3572 „Ws'rt
1031 3526 1091 3579 epa
1116 3528 1127 3563 a

143 3592 212 3645 diem
230 3594 384 3662 quaestionis
406 3593 454 3647 eibi
475 3593 650 3662 praestitutum
701 3592 852 3662 napem'eiete
866 3592 989 3663 teelaqet.
1008 3596 1042 3647 da
1060 3596 1127 3650 iere

142 3677 360 3747 deprehendatur,
393 3680 420 3731 in
448 3678 554 3732 vinculis
584 3695 650 3731 con·
703 3681 832 3749 nntworde
854 3681 903 3733 nis.
933 3682 1000 3733 unde
1022 3682 1081 3734 wirt
1103 3702 1127 3753 pu

143 3763 268 3833 stringere
291 3781 348 3817 eum
373 3767 465 3831 actori,
490 3773 517 3816 ut
536 3766 562 3816 in
576 3764 649 3830 judi·
700 3767 889 3836 qedepedinpet.
917 3768 986 3819 tamt
1010 3785 1058 3820 one
1080 3769 1123 3822 die

143 3849 209 3901 cium
227 3850 375 3917 adducatur,
394 3850 481 3918 licere,
500 3868 547 3903 nec
565 3866 649 3918 appo·
701 3850 795 3903 binnan
813 3855 862 3905 den
880 3855 1036 3924 depedinpea
1058 3872 1102 3907 aa.

141 3935 239 3999 ritore,
268 3943 296 3986 ut
325 3939 451 4006 capiatur,
486 3953 549 4006 opus
581 3953 649 4001 esse,
701 3954 747 3989 ene
769 3938 818 3989 nol
840 3938 988 4009 bestedepen
1008 3958 1040 3993 aa
1057 3942 1127 3995 recht

141 4022 364 4092 quotienscunque
381 4025 459 4092 fugae
473 4023 544 4090 justa
562 4024 648 4091 suspi-
700 4025 861 4094 seiaidepea.
891 4026 945 4078 also
973 4027 1056 4097 lanpe.
1086 4045 1127 4080 aon

143 4105 183 4158 cio
212 4107 368 4161 interveniat.
414 4109 509 4177 Captus
537 4125 600 4163 vero
627 4111 648 4160 si
701 4109 781 4180 turpe
798 4120 865 4164 setae
881 4129 928 4164 aar·
945 4130 976 4164 aa
995 4115 1107 4167 homene.

139 4192 201 4245 satis
230 4192 350 4247 idoneum
383 4210 411 4248 se
444 4212 529 4249 eoram
562 4195 649 4262 judice
699 4197 813 4249 aetem
834 4199 924 4250 anteit
940 4201 1018 4252 crede
1034 4201 1127 4254 iem

140 4279 281 4332 ostenderit
298 4297 313 4332 a
331 4297 382 4350 quo
401 4297 475 4334 sunm
495 4290 572 4335 actor·
583 4297 649 4334 con-
700 4282 792 4352 clepet.
809 4286 877 4337 unde
890 4286 963 4339 nictu
978 4288 1049 4340 dane
1061 4289 1112 4341 den

140 4373 303 4436 sequeretur,
319 4367 380 4420 boni
393 4369 442 4422 viri
459 4367 578 4423 arbimtu
590 4367 649 4423 ilia-
699 4369 770 4426 eiaer
785 4375 955 4443 camerate
969 4372 1112 4430 muner
