2722 4898
636 343 866 408 -142-

245 519 305 588 Quo
337 516 382 574 dic
414 515 594 589 uuusquisque
623 516 725 572 reditus
827 518 894 587 „Nu
912 517 1044 574 admeruit
1062 533 1144 575 maon
1162 517 1191 574 iz
1206 518 1322 574 cladis-

187 613 334 670 lructuario
353 612 499 684 adquisitus
519 611 651 667 videatur.
777 621 824 668 oet
841 613 867 668 is
882 607 948 667 -·.’'

245 710 353 780 Caput
368 706 433 762 218.
461 706 602 763 Naturales
623 706 725 770 fructus
828 707 907 776 „Des
930 708 1041 762 munais
1062 716 1110 763 sut
1130 708 1176 763 die
1195 708 1252 763 ber
1270 709 1324 762 mit

187 803 334 874 adquisitos
363 802 483 874 reputari
509 818 587 872 quam
612 800 724 872 primum
777 803 882 857 sinam
900 802 988 875 pluqe
1009 802 1116 857 auerlrs't.
1141 801 1188 857 dio
1208 802 1236 859 is
1257 802 1323 856 οἰν-

186 898 266 953 bumo
286 914 364 968 seges
385 903 515 968 cooperta
535 895 624 951 fuerit.
777 897 878 952 dhaet.
904 897 965 953 alsa
991 897 1038 952 die
1061 898 1149 969 eycde
1168 898 1209 952 du
1235 894 1322 951 ubir-

243 991 402 1047 l’artiarium
418 991 541 1046 colonum
556 991 598 1044 vel
616 989 657 1044 cui
673 1006 724 1062 pro
776 987 862 1063 pett.”

186 1093 261 1142 certa
286 1084 412 1140 mercede
441 1084 580 1157 praedium
610 1084 726 1140 locatum
831 1107 835 1113 ·

186 1180 266 1236 luerit
298 1180 371 1234 linita
404 1180 462 1250 ejus
497 1179 632 1235 locatione
666 1186 726 1235 ante

185 1276 284 1331 beatae
301 1274 401 1328 llariae
414 1273 536 1345 Virginis
556 1274 726 1346 purificatio-

185 1371 225 1426 nis
246 1370 340 1425 lestum
361 1375 389 1423 ut
408 1367 486 1424 cedat
503 1370 653 1439 cogendum
673 1385 727 1425 uon

186 1482 252 1521 csse.
287 1466 315 1519 lu
336 1464 473 1537 perpetuis
496 1464 672 1520 locationibus
692 1466 726 1521 ad

185 1558 299 1616 heredes
319 1559 442 1630 utrinque
463 1560 577 1614 transire
595 1566 649 1616 tam
664 1560 726 1614 iru-

185 1662 244 1712 otus
263 1673 279 1712 a
300 1655 397 1713 colono
419 1654 623 1730 percipiendos,
648 1672 726 1726 quam

185 1752 326 1828 pensiones
345 1751 420 1809 fundi
440 1750 548 1808 domino
568 1749 629 1807 inde
650 1767 725 1807 mer-

185 1849 259 1906 cedis
278 1849 385 1906 nominc
406 1848 555 1916 debitas1).

240 1946 349 2020 Caput
364 1945 431 2002 219.
458 1947 487 2001 ln
504 1945 724 2016 molendinorum„
828 1946 912 2016 „dett
929 1962 986 2003 oon
1004 1946 1096 2002 molen
1112 1948 1173 2002 amul
1187 1961 1246 2003 uon
1261 1947 1321 2002 tols

185 2042 359 2112 vectigalium
381 2040 504 2112 jurisque
528 2047 647 2096 monetas
673 2058 724 2096 cu·
777 2043 851 2098 unde
869 2057 926 2097 uun
946 2042 998 2097 der
1016 2049 1131 2112 mastya
1156 2042 1246 2111 [uode
1264 2056 1320 2097 aaa

185 2136 266 2192 dendi
284 2134 462 2192 locationibus
482 2137 628 2193 solvendae
648 2153 724 2210 mer·
757 2136 957 2209 'uiayordeal
979 2135 1005 2191 is
1027 2134 1249 2193 struentem
1268 2136 1321 2195 der

187 2230 260 2286 cedis
285 2229 357 2284 diem
387 2247 421 2284 ex
452 2230 594 2287 locationis
625 2238 724 2288 tanturn
778 2232 833 2287 ons
847 2229 1187 2302 accensurusymepu
1201 2231 1321 2304 petulcae

186 2325 249 2397 laga
270 2323 463 2394 dijudicandam
484 2342 552 2380 esse.
778 2324 944 2381 bescbcidea
963 2319 1008 2378 is”
1020 2326 1058 2392 ¹).

800 2407 805 2416 ⁸
823 2419 883 2475 Art.
895 2418 939 2475 97.
966 2417 1037 2474 Vide
1054 2424 1145 2474 notam
1162 2417 1186 2474 i.

822 2515 882 2569 Art.
894 2513 938 2568 98.
967 2512 1104 2569 Cinctum
1115 2512 1318 2586 aucupatam.

110 2823 112 2827 y
186 2750 241 2807 dixi
266 2749 288 2805 si
314 2746 488 2820 interpretari
507 2746 576 2803 valis
601 2748 704 2818 locum,
730 2747 823 2804 inutile
849 2746 942 2803 luisset
966 2747 1069 2816 notari,
1094 2745 1192 2818 quibus
1218 2746 1318 2804 diversi

185 2844 288 2901 reditus
313 2828 405 2898 diebus
429 2859 481 2916 pro
507 2841 656 2913 fructuario
687 2841 823 2913 adquisitis
848 2841 969 2919 reputari
995 2841 1124 2911 debcant,
1155 2857 1211 2912 quo
1240 2842 1319 2898 unice

184 2938 295 2995 tendunt
314 2938 413 2993 verba:
434 2937 495 3008 „Nu
510 2943 780 3009 vernementlwcnue
801 2954 832 2992 ez
854 2937 942 3007 [legez
964 2933 1033 3009 „er”
1054 2929 1071 2991 i.
1088 2953 1112 2992 e.
1133 2935 1204 3007 „der
1224 2932 1318 3005 unta]

185 3033 241 3088 sicli
262 3048 400 3103 ergangeu
420 3028 519 3087 babe.''

262 3126 293 3197 1)
314 3126 513 3196 Aliquantulum
533 3127 695 3198 transposito
711 3125 806 3181 ordine
820 3126 871 3181 huo
884 3125 1002 3197 partinet
1022 3125 1144 3181 saxonici
1163 3125 1229 3183 libri
1249 3125 1317 3181 arti-

186 3222 259 3276 culus
277 3220 327 3276 97:
350 3219 432 3290 „Wel
454 3238 506 3290 eyn
525 3221 606 3277 berre
622 3221 705 3276 wisan
726 3221 800 3275 sinen
822 3220 951 3276 tiusmanu
968 3235 1021 3276 von
1042 3220 1107 3275 sime
1124 3219 1199 3291 gude
1212 3219 1281 3275 ——.''

260 3316 292 3383 2)
314 3314 464 3372 Secundam
485 3332 598 3386 manum,
619 3332 671 3371 nou
691 3314 820 3385 auctoris,
840 3314 930 3387 prodit
946 3315 1089 3385 interjecta
1105 3314 1150 3370 bic
1167 3313 1318 3371 vinetorum

185 3410 291 3467 mentio.
334 3408 478 3464 Bavaricus
503 3408 573 3466 liber
597 3413 739 3466 notaverat
766 3412 803 3476 (c.
823 3408 910 3478 217):
940 3425 998 3479 „an
1024 3407 1107 3464 Sante
1128 3405 1231 3465 Gallen
1254 3415 1318 3479 tage

184 3504 243 3573 (ld.
260 3505 334 3573 Oct.)
355 3504 389 3558 iat
409 3496 550 3559 verdier'rct
570 3504 618 3560 der
635 3490 718 3574 wiu''‚
738 3502 809 3574 quod
830 3502 1031 3574 intelligendum
1051 3507 1092 3558 cst
1112 3500 1147 3558 da
1167 3500 1318 3558 vindemiae

184 3605 261 3673 parte
287 3615 302 3654 a
327 3598 426 3654 colono
451 3597 626 3671 percipienda
652 3604 696 3654 aut
722 3596 850 3672 pensione
875 3598 933 3668 ejus
954 3598 1016 3653 loco
1040 3594 1186 3666 solvenda3
1213 3595 1318 3653 dillerm

185 3692 345 3749 enimultra
366 3690 393 3748 S.
410 3690 478 3746 Galli
498 3692 595 3747 festum
615 3691 747 3749 vindemia
767 3691 830 3747 olim
849 3708 903 3756 non
925 3691 1039 3761 solebat,
1059 3706 1113 3761 quo
1134 3689 1179 3746 dle
1200 3690 1236 3748 ad
1253 3691 1318 3764 ple-

184 3802 243 3843 nam
263 3802 332 3841 uvae
352 3784 530 3841 maturitatem
549 3787 707 3858 pervenisse
727 3786 922 3855 credebantur,
945 3785 1019 3856 quod
1039 3784 1120 3840 etiam
1140 3782 1225 3841 bodie
1244 3784 1320 3841 rini-

183 3887 258 3936 tores
282 3878 415 3949 indicaut‚
440 3879 650 3950 proverbialiter
673 3879 802 3935 dicendo:
828 3879 879 3950 „ul
896 3874 984 3935 Galles
1004 3879 1048 3934 bat
1070 3878 1104 3934 de
1123 3878 1203 3935 traab
1224 3875 1321 3936 alles.”

183 3973 267 4046 lpsius
293 3972 483 4028 autem·viueti
509 3974 646 4030 usufructu
672 3973 746 4029 linito
773 3989 807 4028 ex
832 3973 939 4043 antiqua
965 3971 1156 4029 consuetudine
1174 3972 1321 4030 bustuarii

183 4066 329 4123 heredibus
354 4067 389 4120 ob
417 4064 537 4123 culturae
563 4068 684 4123 laborem
704 4066 837 4123 vindemia
864 4067 992 4140 competit
1015 4083 1051 4123 ex
1069 4081 1124 4138 quo
1144 4067 1215 4123 uites
1235 4073 1321 4139 quot-

185 4161 259 4215 annis
272 4160 387 4232 primum
401 4159 535 4239 religatae
551 4166 610 4215 sunt
626 4160 675 4229 (ol.
690 4178 714 4216 v.
728 4177 751 4217 c.
767 4160 986 4217 churcoclnischa
1002 4161 1178 4217 lteclrtsordn.
1193 4161 1238 4218 tit.
1248 4160 1322 4231 vm,

185 4255 212 4320 ς.
229 4252 260 4308 t:
281 4250 384 4324 „Wein
398 4270 431 4309 an
445 4252 500 4309 den‘
510 4254 656 4325 Stoeckem
676 4270 755 4310 wana
768 4271 799 4310 er
812 4269 863 4310 nor
877 4253 937 4310 dam
950 4254 1005 4309 Fall
1027 4253 1056 4323 [i.
1067 4269 1092 4311 c.
1107 4253 1219 4311 dolatae
1233 4255 1323 4311 bere·

186 4345 274 4403 ditatis
292 4351 338 4403 aut
353 4347 419 4405 finiti
434 4348 597 4406 ususfructus
613 4350 749 4422 tempore]
771 4346 818 4404 mit
830 4346 892 4404 dem
909 4352 999 4404 ersten
1011 4347 1084 4405 baad
1097 4344 1323 4418 besoblossen'').-
