2722 4898
608 344 845 415 ..274..

241 520 345 589 Caput
371 520 430 573 141.
470 519 511 571 Ad
538 521 627 588 capitis
651 519 702 571 139

194 608 289 661 rerba:
307 608 355 673 „in
372 610 453 660 umens
468 609 575 673 fientes
591 607 701 674 ampte.”

239 693 428 747 dimchionibus
449 693 633 763 comitibusque
653 709 702 761 pn·
798 693 872 757 „Der
883 693 1036 762 Μάρωνα
1052 693 1140 762 dinqst
1158 694 1191 745 di
1207 697 1298 748 sines

195 781 292 847 latinis,
325 781 402 832 etiam
434 778 526 848 quibus
560 781 702 847 principum
753 779 856 830 selber
883 779 1003 831 balden
1027 779 1092 831 eber
1116 798 1155 832 ses
1181 782 1297 835 conchen.

195 874 310 935 potestas
325 881 450 919 concessa
463 882 515 917 non
531 866 572 931 sit,
588 881 636 934 pro
652 867 701 917 tri·
753 867 800 931 [da
816 866 872 916 nist
887 864 976 917 iesoelt
994 882 1055 917 suns
1071 865 1148 917 ordei
1163 866 1229 917 ster
1247 870 1299 919 den

195 954 281 1006 bunuli
306 951 476 1017 scdendibus‚
503 951 534 1002 ad
560 953 701 1003 testimonia
753 952 867 1002 anderen
892 953 941 1002 desc
969 969 1030 1002 mon
1056 968 1092 1001 an
1117 952 1181 1003 sim
1206 952 1297 1004 rechte

196 1038 301 1090 dicenda
324 1052 504 1107 quemcunque
527 1036 608 1088 velint
633 1052 701 1088 evo·
752 1035 825 1088 nicht
842 1036 991 1090 bachidem
1014 1054 1047 1089 ne
1069 1038 1153 1090 nect.
1179 1038 1246 1090 doci
1264 1056 1297 1090 ne

196 1138 254 1175 care
270 1110 363 1187 licere}
386 1126 421 1174 ita
444 1130 471 1173 ut
488 1138 539 1174 nou
558 1121 605 1173 sub
619 1123 700 1188 juris·
753 1124 894 1174 antecedet
909 1125 944 1175 da
956 1124 1217 1195 muscampis
1230 1124 1293 1181 sinte

192 1208 296 1276 jurandi
314 1209 441 1277 religione
461 1209 631 1273 examinetur,
655 1208 702 1259 sed
751 1209 913 1277 susspescotell¹

196 1295 263 1347 dicta
285 1295 391 1346 affirmet
413 1293 461 1346 sub
479 1293 542 1359 fide,
565 1309 630 1363 quae
653 1294 701 1360 ipsi

196 1398 229 1433 ex
262 1380 388 1448 dignitatis
418 1396 483 1433 suae
518 1379 702 1431 existimatione

196 1465 314 1518 hahendo
340 1468 373 1517 sit
383 1467 422 1532 ¹);
451 1466 608 1533 temporibus
631 1480 704 1530 vero,

196 1550 288 1620 quibus
301 1567 351 1619 pax
361 1551 528 1617 jurejurando
542 1551 641 1602 firmata
656 1559 704 1616 est,

197 1654 230 1689 cx
248 1637 349 1703 juratae
371 1638 445 1704 hujus
463 1639 533 1705 pacis
551 1637 601 1688 fide
620 1653 702 1707 quae-

198 1724 294 1777 stiones
311 1723 407 1776 habere
423 1722 472 1775 illis
489 1722 577 1776 licere.

242 1808 345 1876 Caput
372 1809 430 1861 142.
471 1807 512 1860 Ad
538 1811 627 1876 capitis
653 1809 704 1861 139

196 1896 290 1949 verba:
321 1895 397 1959 „nte
423 1894 505 1964 leipen
531 1897 619 1961 florete
643 1912 703 1965 πως

197 1983 243 2034 mit
265 1982 339 2034 reite
362 1982 464 2033 ciuem
491 1983 615 2033 andren
639 1979 703 2032 lei-

197 2085 258 2137 9en
285 2068 430 2134 fiersten
458 2068 529 2119 niet
560 2068 621 2133 hof
644 2085 703 2137 pe-

198 2152 332 2205 Bietend'
436 2144 446 2169 ⁸

243 2236 293 2301 Qui
312 2237 462 2290 beneficium
485 2239 611 2306 quoddam
633 2241 703 2291 occi·
800 2241 1095 2309 „Wirteynmanstnts
1106 2248 1219 2310 poeotes
1230 2259 1305 2296 man.

197 2325 250 2393 piat
263 2324 294 2375 ab
310 2340 341 2376 eo
355 2327 398 2393 qui
412 2340 463 2375 non
477 2325 603 2377 inferioris
618 2326 702 2393 digni-
754 2330 809 2379 sine
827 2329 884 2378 bort
901 2326 969 2379 nocis
986 2329 1028 2378 rin
1046 2328 1175 2378 lnntreclst
1199 2345 1234 2378 sse
1256 2327 1306 2378 ient

198 2412 255 2462 tntis
273 2411 306 2463 sit
323 2426 398 2478 quum
415 2411 484 2476 ipse,
509 2427 558 2462 nee
581 2412 701 2464 natalium
754 2415 801 2465 her
818 2414 891 2465 nieht
907 2413 1051 2482 peirenht.
1075 2413 1150 2464 sinen
1172 2413 1306 2465 bersckilt

198 2496 405 2547 existimationem
423 2512 494 2547 suum
511 2498 636 2564 perdere,
655 2515 703 2550 noc
755 2500 801 2552 hat
819 2499 866 2550 Iter
883 2498 946 2551 noer
962 2498 1118 2568 penederit.’'

197 2597 230 2633 ex
240 2582 299 2647 jure
313 2584 439 2633 communi
451 2583 602 2635 deteriorem
616 2584 702 2635 facere

196 2666 367 2719 conditionem
385 2685 470 2733 sunm,
490 2668 622 2721 militarem
640 2685 704 2722 vero

197 2754 342 2822 dignitatem
354 2770 425 2806 sunm
436 2757 559 2807 minuere.
580 2754 643 2806 Num
654 2755 704 2807 lui·

197 2855 242 2892 cos
260 2841 386 2907 principes
403 2843 477 2894 tertio
494 2841 553 2892 loco
570 2841 637 2893 inter
654 2842 704 2892 im-

196 2926 262 2994 perii
279 2926 415 2994 dignitates
437 2928 534 2994 positos
558 2941 632 2991 esse3
656 2926 701 2978 sed

197 3012 302 3064 simulac
322 3011 429 3063 militare
453 3012 555 3065 alterius
573 3011 704 3077 cujusdam

196 3097 254 3151 laici
267 3098 386 3166 principis
399 3097 551 3168 obsequium
564 3097 703 3165 profitean-

160 3306 270 3362 truheus
292 3323 327 3364 ex
347 3320 443 3363 errore
463 3312 551 3363 tumen
571 3306 597 3363 iu
616 3307 679 3363 loco
699 3323 781 3380 supro
801 3306 922 3377 allegato
938 3304 1049 3363 retinuit
1065 3305 1200 3379 maiorem
1217 3315 1298 3366 aetu-

161 3407 214 3458 tem
235 3418 269 3458 ex
289 3401 420 3458 laicorum
439 3407 539 3457 tontum
555 3402 718 3472 judiciorum
739 3417 816 3457 more
836 3400 1010 3473 incipientem
1026 3408 1091 3473 post
1110 3418 1206 3459 aunum
1223 3404 1298 3461 vitre

161 3495 321 3570 vigesimum
340 3496 464 3568 primum.
1031 3544 1035 3551 .

239 3589 270 3658 1)
296 3589 346 3646 Hic
366 3607 445 3648 verus
465 3596 506 3648 est
529 3606 621 3647 sensus
640 3591 800 3648 verborum:
827 3590 892 3662 „die
913 3595 1029 3661 vrugent
1049 3588 1093 3647 die
1113 3591 1171 3648 lute
1192 3592 1249 3649 wol
1269 3594 1297 3649 bi

160 3682 304 3741 nhnldou
324 3684 353 3752 [i.
369 3702 394 3742 e.
415 3684 463 3743 sub
484 3701 578 3741 eorum
597 3682 694 3756 fides',
718 3692 747 3741 ut
767 3685 856 3757 cupite
878 3684 947 3741 122:
974 3683 1060 3755 „Aloe
1079 3684 1129 3741 der
1149 3685 1248 3758 kivnig
1267 3688 1299 3742 vi

161 3778 213 3836 den
232 3764 284 3835 stid
304 3794 336 3834 re
357 3780 424 3835 ucho
445 3785 566 3851 gesetzet
584 3780 649 3836 wirt
663 3809 698 3821 —
719 3794 755 3837 so
776 3783 827 3837 sol
849 3796 885 3836 or
905 3780 1035 3835 niemer
1056 3796 1148 3837 mere
1167 3780 1294 3838 dehei-

160 3890 222 3930 non
243 3874 291 3929 eit
310 3889 492 3944 gesneron
509 3903 551 3931 -.
573 3875 609 3931 ob
629 3892 660 3931 er
681 3877 781 3946 genivg
801 3874 842 3930 sol
862 3874 901 3930 sin
922 3874 998 3930 einer
1018 3875 1107 3933 suche.
1129 3874 1180 3932 dex
1201 3875 1244 3933 sol
1264 3892 1294 3932 er

160 3966 285 4024 heliende
304 3968 345 4024 sin
364 3968 449 4025 vnde
472 3969 522 4025 sol
546 3985 649 4041 segon
668 3969 703 4027 bi
724 3969 782 4024 des
802 3970 919 4025 riehes
938 3969 1075 4027 hulden.
1102 3970 1152 4027 dun
1172 3971 1214 4027 sol
1235 3987 1294 4026 man

160 4057 323 4136 gelouben.”
368 4062 516 4120 Suxonious
541 4066 658 4137 scriptor
684 4065 818 4138 pervertit
846 4065 923 4136 hujus
952 4064 1007 4120 ioci
1036 4080 1155 4136 sensum,
1184 4065 1300 4125 trudeus.

160 4156 308 4215 murchioni
328 4156 368 4212 ius
388 4174 446 4213 esso
462 4158 676 4229 jurisdictionem
697 4175 844 4230 exercere,
870 4175 923 4216 non
949 4176 984 4216 ex
1007 4160 1087 4232 rogis
1111 4159 1293 4231 delegatione,

161 4250 209 4309 ssd
228 4251 280 4324 „ti
300 4250 385 4309 sinis
406 4252 519 4311 solbes
538 4251 696 4328 heldem',
715 4254 733 4312 i.
747 4270 772 4311 e.
793 4256 841 4312 sub
861 4255 914 4313 fide
934 4254 1054 4328 homagii
1074 4254 1101 4313 iu
1120 4270 1195 4314 suam
1215 4252 1290 4312 utili-

160 4350 244 4405 tstsm
262 4346 315 4407 sibi
332 4346 464 4423 praestiti.
