2714 4898
570 332 806 399 ..247-

117 508 194 570 dum
216 523 287 571 esse
309 507 347 569 ad
365 505 504 588 oppidum
522 508 663 571 Franco-

117 610 245 676 dnrtum.
268 609 410 673 citandos
426 627 496 674 esse
508 610 664 692 principes

111 833 309 891 substituendo
328 832 399 890 inter
418 835 497 906 regui
516 834 646 907 primates
664 833 861 904 dissentiretur,
880 841 978 907 patruo
994 850 1043 908 per
1057 836 1252 893 consentientes

119 931 148 985 in
167 922 229 986 etim
249 929 388 1002 principes
407 937 517 1002 ereptus
537 937 564 985 et
584 937 695 1002 accepta
715 930 859 999 iohannis,
879 930 1080 986 ravennatensis
1099 932 1252 1008 archiepis·

122 1024 184 1096 copi
211 1024 337 1081 unctione
359 1024 443 1096 Aquis
468 1025 494 1079 in
519 1025 599 1094 regio
624 1025 708 1096 patris
733 1024 802 1079 sotio
827 1025 987 1080 sublimatus·
1006 1030 1046 1082 est
1072 1025 1252 1096 (Sigebertue

123 1117 225 1174 Gennbi.
246 1119 281 1174 ad
301 1135 360 1175 anu.
376 1118 443 1174 983.
480 1122 548 1174 Anu.
569 1118 669 1174 iiiides.
692 1118 725 1173 ad
745 1135 804 1173 ann.
822 1118 903 1187 984).
943 1121 1072 1176 hienricus
1091 1126 1179 1175 antem
1199 1136 1252 1193 pa-

123 1218 197 1266 truus
218 1211 252 1267 ad
275 1213 533 1284 magdeburgensem
560 1213 696 1268 civitatem
723 1228 874 1268 convocans
901 1229 1012 1284 „omnes
1037 1215 1108 1270 iliius
1133 1215 1253 1285 regionis

122 1303 289 1379 principes'',
309 1307 327 1363 i.
338 1324 363 1362 e.
378 1307 512 1363 Senoniae
526 1322 666 1378 proceres,
685 1307 720 1361 de
739 1323 827 1379 regno
847 1308 896 1364 sibi
918 1310 1084 1366 conterendo
1099 1308 1253 1365 sollicitavit

123 1417 178 1470 eos,
198 1407 228 1455 et
247 1401 374 1473 deinceps
394 1400 466 1474 apud
486 1400 731 1472 Quideiingebnrg,
754 1403 799 1460 ubi
821 1419 933 1474 magnus
954 1404 1052 1458 dicitur
1073 1403 1171 1474 „regni
1190 1403 1252 1476 pri·

122 1492 226 1550 natus''
246 1496 377 1552 collectus
398 1512 467 1565 esse,
492 1512 542 1551 ren
562 1513 577 1550 a
598 1495 653 1550 suis
673 1497 782 1568 publice
801 1497 961 1568 appeiietus,
981 1497 1117 1553 dissidium
1136 1497 1254 1571 paravit,

122 1589 209 1645 donec
228 1590 329 1646 saniori
350 1607 412 1646 usus
432 1589 546 1647 coemtio
562 1592 598 1646 oh
616 1591 719 1661 patriae
732 1591 844 1645 satutem
857 1590 964 1645 iniantia
980 1593 1055 1662 regis
1072 1591 1207 1664 obsequio
1226 1591 1254 1646 iu

121 1683 199 1739 nde·
220 1691 346 1757 receptus
370 1685 532 1741 subderetur
558 1685 709 1751 (ditmarus
729 1691 792 1740 rest.
814 1685 832 1740 Ι.
850 1685 896 1740 lV.
931 1685 1020 1740 heibn.
1042 1687 1123 1758 scrip.
1144 1687 1251 1741 brunsv.

122 1779 149 1833 T.
163 1779 184 1849 i,
205 1795 232 1850 p.
246 1778 311 1834 347.
343 1778 494 1849 chronogr.
516 1779 589 1834 Saxo
611 1778 644 1833 ad
665 1795 724 1834 ann.
742 1779 821 1848 985).

197 1873 330 1929 Defuncto
350 1874 434 1930 tertio
455 1873 553 1928 Ottone
572 1879 635 1944 post
655 1872 748 1928 ducem
770 1874 947 1930 Henricnm
968 1871 1069 1945 prioris
1088 1872 1159 1928 iliius
1176 1872 1251 1929 lieu-

121 1967 172 2022 riei
196 1967 280 2023 fliium
304 1969 441 2039 „majores
465 1969 493 2022 in
516 1964 634 2037 regno'',
658 1968 676 2023 i.
696 1985 720 2023 e.
745 1968 912 2041 potentiores
936 1967 1103 2022 diversarum
1123 1967 1252 2038 gentium,

121 2063 255 2134 aquibus
274 2062 415 2119 electionis
434 2061 566 2134 pendebat
588 2068 715 2131 eventus,
741 2070 922 2118 memorantur
948 2062 1068 2117 extitisse
1088 2062 1179 2118 benno
1199 2061 1253 2116 dna

120 2158 146 2212 iu
160 2158 291 2227 Saxonia,
309 2157 485 2213 herimannus
502 2156 529 2210 in
544 2156 710 2226 Alemannia,
731 2157 912 2212 Theodericus
932 2157 958 2212 in
977 2155 1136 2212 lothariensi
1155 2170 1253 2227 regno,

120 2252 287 2323 Rhebardes,
306 2251 427 2306 marchio
447 2251 474 2306 in
494 2250 648 2320 Thuringia.
689 2251 807 2317 Quorum
828 2251 854 2305 in
875 2250 1049 2323 adipiscendo
1068 2265 1156 2321 regno
1175 2251 1251 2306 iten-

120 2348 194 2404 ricus
213 2346 385 2403 adversarios
405 2344 495 2400 habuit
515 2345 701 2414 Ehebnrdum,
727 2347 761 2401 ab
784 2347 841 2416 ejus
865 2345 979 2400 inimicis
1000 2360 1063 2400 mox
1083 2344 1252 2400 interiectam

121 2449 149 2496 et
167 2441 372 2510 herimannum,
393 2456 452 2495 cum
473 2439 628 2494 Alemannis
649 2447 676 2495 et
696 2440 851 2510 quibusdem
873 2440 980 2496 Francis
1001 2439 1085 2495 Rheni
1105 2438 1253 2508 transitum,

120 2540 150 2593 ut
169 2536 204 2591 ad
223 2534 365 2590 electionis
384 2535 473 2590 iocum
493 2534 598 2591 veniret
618 2533 667 2589 sibi
688 2534 885 2606 impedientem.
917 2533 973 2589 Sed
987 2534 1117 2589 hienricus
1137 2533 1253 2589 reditum

119 2631 146 2686 in
160 2629 302 2687 Baranam
321 2629 458 2684 simulatus
470 2629 630 2698 hinguntiam
650 2628 708 2683 sine
728 2627 917 2699 impedimento
934 2627 1016 2695 venit,
1036 2627 1127 2698 ibique
1140 2627 1253 2695 eiectus,

121 2726 328 2797 comprobatus,
353 2724 510 2779 benedictus
531 2729 557 2777 et
578 2729 722 2779 coronatus
743 2728 799 2791 est,
824 2723 858 2777 ab
879 2723 935 2792 ejus
955 2727 1033 2793 perte
1053 2721 1184 2776 stantibus
1203 2735 1253 2775 ar-

120 2818 303 2893 chiepiscopis
321 2817 515 2888 maguntinensi
536 2823 563 2872 et
580 2817 742 2887 juvaviensi,
762 2814 897 2888 episcopis
917 2815 1045 2885 brixensi,
1064 2813 1253 2887 ratisponensi,

120 2913 347 2985 argentoratensi,
367 2912 523 2982 bataviensi,
543 2910 672 2980 frisiensi,
692 2911 789 2966 ahbate
808 2910 922 2966 tutiensi
941 2926 1021 2981 „curn
1038 2906 1155 2964 caeteris
1173 2907 1253 2978 regui

119 3009 261 3065 abbatibus
291 3014 318 3063 et
348 3006 489 3063 comitibus
518 3002 667 3079 piurimis.qq
712 3005 902 3060 hotharienses
931 3010 1019 3060 autem
1050 3002 1252 3071 cunctabantur,

119 3118 269 3175 eornnque
288 3098 414 3174 exemplo
438 3101 602 3157 coloniensis
627 3099 861 3171 archiepiscopus,
889 3097 1007 3154 offensus
1032 3098 1069 3152 oh
1089 3095 1252 3168 biagantiae,

119 3216 173 3256 non
195 3196 279 3268 hqnia
304 3203 443 3268 acceptam
468 3195 651 3252 coronationis
676 3194 898 3251 benedictionem.
939 3193 986 3248 liis
1008 3192 1136 3264 deinceps
1155 3189 1252 3246 conoi-

119 3294 193 3348 hatis
211 3292 279 3360 siti,
303 3306 390 3362 nequa
410 3297 503 3362 posset
523 3290 556 3345 de
583 3290 660 3360 regni
676 3290 739 3358 jure
759 3289 891 3344 dubitatio
912 3287 1032 3356 moveri,
1058 3285 1147 3340 denuo
1168 3282 1253 3355 Aquis

119 3389 234 3457 eiectus,
252 3385 383 3456 laudatus,
402 3386 429 3441 iu
444 3385 524 3455 regio
540 3385 600 3439 soie
614 3382 763 3438 collocatus
778 3388 806 3437 et
820 3380 988 3451 gioriticatus
1007 3385 1048 3433 est
1070 3374 1252 3446 [Adelhoidas

120 3485 146 3538 in
168 3483 223 3539 vita
244 3480 352 3536 hienrici
374 3478 445 3552 apud
464 3479 582 3534 heihnitn
601 3478 622 3548 l,
643 3494 669 3548 p.
684 3475 766 3544 432).

200 3577 239 3631 De
258 3573 407 3631 conradi
427 3589 521 3644 quem
540 3572 682 3627 salicum
703 3576 801 3625 vocent
820 3567 952 3624 electione
969 3566 995 3621 in
1011 3565 1136 3637 ejusvita
1147 3562 1251 3638 Wippe

118 3671 205 3728 tradit
223 3669 309 3742 (apud
322 3669 410 3724 Pistor
422 3668 468 3737 iii,
483 3685 510 3740 p.
524 3665 611 3735 463J:
631 3665 702 3736 „hes
722 3663 789 3737 petit
808 3671 839 3718 nt
858 3662 945 3718 dicam
965 3675 1124 3716 summorum
1144 3659 1250 3716 nemina

120 3765 262 3838 quaedam,
281 3781 328 3820 seu
342 3762 496 3834 pontificum
516 3761 573 3816 sive
593 3758 770 3816 saecularium
783 3757 944 3830 principum,
964 3755 1010 3827 qui
1027 3760 1092 3812 tuac
1110 3753 1138 3809 ia
1158 3753 1251 3824 regnis

120 3861 268 3930 vigebant,
298 3874 436 3929 qnorum
461 3854 625 3912 consiliis
650 3853 794 3909 Francia
822 3850 1005 3907 cousuevit
1028 3846 1165 3918 eligere
1189 3861 1250 3902 re·

120 3971 183 4025 ges
200 3982 243 4008 -.
277 3953 317 4009 iio
336 3959 459 4025 tempore
479 3950 739 4023 archiepiscopatum
759 3945 990 4015 moguntinensem
1009 3943 1084 3999 rexit
1097 3941 1184 3998 hriho
1200 3957 1250 4009 -3

121 4048 307 4104 coloniensem
326 4062 394 4103 vero
420 4045 680 4116 archiepiscopatum
706 4040 861 4112 Peiegriuus
886 4039 971 4095 tenuit
987 4057 1039 4110 -3
1066 4043 1251 4092 treverensem

121 4158 230 4214 quoque
260 4141 520 4214 archiepiscopatum
549 4138 674 4208 regnavit
698 4137 792 4206 Poppo
812 4151 863 4205 ——3
893 4138 1038 4188 metensem
1068 4128 1250 4207 episcopatum

120 4236 308 4293 Theodericus
322 4254 375 4306 -3
401 4232 558 4304 argentinae
578 4231 682 4288 civitati
696 4227 884 4286 Werinharius
904 4225 1048 4299 episcopus
1067 4220 1186 4296 praebuit
1198 4236 1250 4289 -ς

120 4331 345 4405 wurceburgensi
370 4325 504 4388 ecclesiae
531 4325 629 4385 insedit
653 4324 797 4383 hecelinus
817 4339 867 4393 -ς
897 4320 1146 4394 pabenbergensem
1174 4313 1249 4390 epis·
