2722 4898
631 338 845 406 ...36-

763 528 854 568 reram
883 514 1022 581 gestarum
1048 505 1205 562 memoriam
1227 505 1305 579 judi-

765 608 803 663 eis
827 611 856 661 el
881 622 929 662 sex
945 617 1125 659 assessorum
1150 600 1307 657 ‘testimonia

766 701 869 775 requiri
881 703 917 772 ¹.).

824 814 903 885 „Des
919 808 1132 867 murmurum
1146 806 1309 864 tenebram

767 925 821 965 vor
839 924 932 964 umme
955 921 1030 962 mum
1058 903 1093 960 ob
1118 912 1185 962 mam
1205 902 1234 956 iu
1256 900 1308 957 be-

768 1003 846 1074 dorf.
872 1003 911 1058 du
930 1017 994 1058 mm
1011 999 1063 1055 mu
1082 1013 1169 1055 reum
1186 1011 1310 1053 manum

769 1106 873 1171 isuper·
890 1090 964 1152 suff

235 1216 284 1272 Lil.
301 1216 327 1270 b:
358 1213 584 1282 Quemadmodum
605 1211 717 1267 duorum
826 1207 899 1278 „Sa‘u
918 1206 984 1263 bule
1002 1207 1029 1262 ia
1049 1204 1122 1262 oueb
1141 1197 1270 1260 rziaauss’

177 1313 261 1368 instar
279 1311 385 1366 lesbium
402 1310 435 1365 sil
445 1308 532 1380 judex
545 1307 589 1362 vel
605 1320 717 1380 praeeo,

178 1406 216 1461 itu
237 1410 264 1460 el
283 1403 425 1477 dupliciter
441 1402 552 1459 luendas
569 1418 628 1457 esse
642 1402 716 1471 iuju-

179 1499 232 1555 rias
252 1497 307 1555 illis
326 1498 423 1553 illatas.

822 1583 932 1643 nudie.
951 1561 1103 1655 „underm
1112 1583 1312 1658 merpeltnucb

771 1681 850 1771 siper
863 1679 942 1737 bord.
958 1679 1015 1735 siml
1025 1679 1077 1734 der
1087 1677 1127 1733 uit
1140 1676 1196 1734 dau
1210 1677 1262 1734 ber
1275 1693 1313 1732 um

771 1783 879 1832 momen
889 1773 970 1832 ‘boile
987 1773 1113 1854 pellerem
1129 1767 1221 1828 mirl.’'

715 2005 776 2077 X.

265 2168 381 2245 libera,
398 2184 486 2245 quam
504 2166 567 2228 dixi
582 2166 659 2228 nolis
678 2164 716 2227 ad
731 2163 939 2245 Bajuariorum
954 2163 1054 2244 legem
1068 2162 1217 2224 insumam
1232 2179 1313 2240 esse,

181 2269 492 2346 commentatiuncula,
514 2269 743 2351 lassbergianae
767 2265 908 2347 editionis
928 2263 1076 2345 capitibus
1095 2282 1113 2326 a
1132 2263 1313 2326 duodecimo

179 2391 278 2454 usque
302 2373 339 2434 ad
360 2372 600 2454 quinquagesimi
622 2370 738 2432 inillam
761 2369 991 2449 comprehensa,
1015 2367 1199 2450 singularem
1221 2367 1314 2430 uide-

179 2484 229 2538 tur
250 2475 454 2553 latissimeque
471 2474 656 2556 divulgatum
670 2491 726 2554 per
742 2490 860 2535 ornnem
876 2468 1065 2534 Germaniam
1088 2471 1157 2534 elim
1179 2471 1314 2534 libellum

180 2577 347 2656 formasse,
371 2577 456 2658 euJ'us
480 2582 690 2659 argumentum
714 2576 753 2637 de
776 2575 894 2656 juribus
921 2590 978 2655 pro
1004 2573 1157 2645 bominum
1179 2575 1314 2656 genuina

181 2670 355 2744 conditione
371 2678 506 2741 diversis
529 2678 645 2741 duabus
658 2678 835 2741 'absolvitur
857 2676 1002 2758 partibus.

266 2782 300 2845 ln
321 2782 415 2863 prima
436 2781 578 2844 videlieet
605 2788 702 2863 parte·
720 2781 819 2863 agitur
847 2781 884 2842 de
909 2780 980 2860 jure
1006 2780 1038 2841 in
1063 2781 1272 2861 pusterilalern
1298 2801 1315 2844 a

181 2885 357 2968 parentibus
390 2884 634 2962 transmillendu,
668 2885 698 2945 in
729 2884 822 2945 allera
852 2884 889 2945 de
919 2882 1021 2945 causis
1050 2883 1087 2945 ub
1119 2901 1194 2962 quas
1223 2885 1315 2946 dele-

180 2988 271 3052 riuris
293 2985 476 3051 conditionis
504 2987 654 3050 lmmines'
668 2985 848 3074 alliciantur.
892 2985 996 3048 'lolius
1026 2987 1196 3069 argumenti
1224 2985 1315 3069 hujus

183 3089 371 3170 paulitionem
393 3088 515 3152 exbibet
538 3090 588 3169 q'ui
610 3090 749 3170 sequitur
769 3089 872 3152 loeus:

249 3255 366 3340 Caput
389 3260 438 3324 la.
483 3258 651 3324 Genuinum
670 3261 721 3342 jus
833 3260 903 3325 ·Arl.
924 3260 954 3323 8.
987 3262 1141 3336 „Niemrm
1163 3283 1201 3325 me
1223 3264 1315 3326 maeb

183 3364 215 3425 in
236 3360 342 3424 melius
363 3363 480 3425 sibimel
502 3365 598 3444 ipsum
615 3355 721 3427 reiu'r-.
773 3384 931 3428 ermermeu
948 3364 1049 3427 under
1062 3366 1150 3428 reebl
1163 3385 1231 3428 men
1247 3367 1315 3429 alre

183 3481 269 3527 mare
283 3461 430 3527 neminem
444 3482 551 3547 posse;
566 3466 720 3530 mulefieiis
752 3546 755 3551 ῃ
772 3469 824 3528 siu
847 3467 1026 3547 uupebnren
1048 3469 1108 3530 r'a.’'

185 3600 389 3608 ——m-›u--u-

264 3667 294 3736 l)
321 3664 474 3722 Addiliouis
498 3664 573 3736 huius
594 3673 764 3729 oeuasiuuem
784 3674 941 3747 praebuisse
961 3674 1085 3730 videnlur
1108 3675 1231 3731 bavariui
1252 3676 1316 3732 libri

184 3762 268 3819 verba
289 3762 363 3832 (cap.
379 3757 442 3841 ll):
469 3775 521 3830 „ez
545 3775 612 3829 euge
633 3766 694 3822 dem
715 3784 774 3823 man
795 3760 880 3824 danne
901 3784 934 3823 en
950 3767 1013 3823 den
1027 3769 1074 3841 lip.
1096 3769 1173 3825 eder.
1189 3788 1223 3825 an
1244 3771 1315 3827 sines

182 3855 252 3911 libes
279 3852 322 3910 ein
346 3848 422 3907 leil·''
462 3851 611 3908 saxonicus
636 3862 752 3935 arripior
776 3862 821 3916 bie
846 3868 873 3918 ut
899 3861 966 3917 alias
989 3864 1112 3919 bavariai
1128 3865 1198 3920 iibri
1224 3882 1314 3936 argu-

184 3954 272 4004 menta
292 3945 432 4019 proposito
452 3962 500 4001 suo
521 3953 610 4019 apum,
636 3955 681 4004 aul
705 3957 814 4011 brevius
838 3957 1023 4029 perstringens
1044 3959 1089 4013 aiut
1109 3951 1315 4032 interpretando

144 4105 154 4119 ⁴
184 4038 349 4117 amplifinunr
364 4055 432 4111 quae
452 4039 479 4096 in
499 4043 623 4115 exemplo
643 4059 692 4099 suo
713 4044 818 4104 obvium
834 4050 885 4106 sibi
905 4058 991 4123 eram,
1011 4053 1085 4108 nullo
1104 4053 1196 4109 babilo
1212 4054 1314 4108 discri-

184 4133 256 4189 mine
275 4139 363 4188 ulrum
380 4133 464 4206 ipsius
484 4136 605 4193 bavariei
630 4132 773 4210 seriploris
798 4155 831 4194 au
850 4145 956 4201 aliunde
977 4153 1123 4218 congestu,
1148 4154 1236 4203 ulrum
1257 4164 1313 4220 op-

183 4227 308 4300 porturis
336 4226 435 4284 inserta
465 4229 534 4285 loeis
564 4246 597 4286 an
627 4231 712 4287 minus
737 4238 799 4313 apte
825 4233 851 4289 in
876 4241 1009 4306 genuinae
1033 4241 1188 4315 aeripliouia
1213 4243 1315 4299 seriem

184 4327 296 4403 reeupla
317 4322 377 4388 rint,
