2722 4898
619 376 667 398 -
705 343 772 415 m
788 446 795 455 ἱ
812 379 860 398 ·-
905 360 921 411 ,ῑ
960 394 971 411 .

21 526 41 553 ‘
123 494 128 501 Ι
174 519 320 596 episcopis,
333 534 448 593 quorum
461 516 623 593 episcopslis
635 519 715 577 sedes

173 618 231 688 ejus
249 622 341 673 teme
359 615 409 687 sit,
430 631 499 688 quoe
518 614 648 688 principis
663 616 713 687 ju-

172 709 324 769 risdictioni
341 715 485 784 pereet¹).

230 806 411 879 flecnnque
425 807 492 879 jure
504 821 559 867 ru
572 805 672 862 habeut
686 806 714 861 in

173 900 266 959 curiee
295 919 359 958 soce
388 904 587 970 Mentores,
619 899 714 957 iisdem

172 997 254 1053 duces
266 998 374 1069 qudque
391 994 521 1052 adversus
535 1011 583 1051 eos
599 995 648 1065 uti,
667 996 714 1067 qui

173 1107 267 1159 eoru·
284 1097 433 1151 uentus
452 1088 600 1161 negligunt.

220 1174 331 1265 ,Μᾴ
350 1208 455 1262 quoque
481 1192 561 1243 laicos
587 1192 714 1259 principes

207 1281 290 1332 curies
312 1278 470 1331 convocandi
491 1286 618 1345 potestate
635 1294 714 1346 pree·

206 1367 272 1419 ditos
286 1365 380 1419 isdem
398 1364 469 1415 hisce
484 1363 582 1429 juribus
600 1365 644 1415 uti.

229 1463 390 1534 Principem,
400 1460 520 1533 quemvis
533 1461 623 1517 curies
634 1460 712 1518 cele-

172 1558 268 1615 brandi
279 1559 342 1629 jure
358 1555 516 1630 praeditum,
537 1556 604 1612 alios
623 1562 712 1612 temen

171 1652 256 1709 laicos
281 1652 417 1725 principes
438 1651 532 1707 eodem
554 1653 618 1722 jure
638 1667 711 1723 guu-

171 1748 265 1804 dentes
289 1747 323 1803 ed
348 1747 438 1803 curies
461 1763 521 1802 sues
542 1746 712 1803 convocandi

171 1843 270 1898 nullum
295 1848 456 1915 potestatem
478 1842 590 1898 hebere.
629 1841 710 1896 Prin-

172 1937 247 2011 cipes
279 1943 367 1993 cutem
400 1953 452 1993 non
485 1937 545 2010 puri
578 1940 712 2008 potestate

170 2031 309 2104 praeditos
343 2032 419 2104 sequi
448 2037 580 2104 oportere
609 2029 712 2086 curiam

170 2127 332 2199 principum,
350 2143 462 2197 quorum
478 2127 526 2182 snb
543 2125 645 2181 ditione
660 2141 711 2179 ce-

171 2221 249 2278 stcltc
270 2228 315 2277 aut
334 2222 435 2294 oppidu
455 2221 619 2289 tabesam).

227 2316 345 2372 Eundem
365 2316 532 2389 principibus
551 2319 713 2387 potestatem

171 2417 326 2484 competere
338 2412 365 2466 in
376 2411 498 2481 comites,
508 2409 609 2464 liberos
620 2408 711 2465 domi-

170 2523 219 2562 nos
230 2513 258 2562 et
267 2503 454 2561 ministeriales
463 2503 594 2574 homines,
605 2503 651 2575 qui
662 2505 711 2560 sub

170 2600 308 2672 cujusdem
326 2599 457 2673 principis
478 2598 580 2655 ditione
600 2598 712 2654 cestetta

248 2841 279 2912 1)
300 2842 387 2898 Locus
404 2841 560 2913 quibusdem
582 2841 609 2896 in
629 2839 760 2913 exemplis
780 2856 888 2894 mancus
907 2840 934 2895 in
953 2839 1140 2912 lessbergieuo
1160 2849 1310 2916 corruptus

168 2938 206 2992 ite
227 2935 406 2993 emendandos
428 2942 482 2992 est:
508 2936 564 3007 „ist
584 2951 615 2991 ez
636 2935 678 2991 ein
698 2935 819 3005 herzoge
839 2934 907 2990 oder
928 2934 971 2989 ein
995 2934 1079 2991 under
1099 2936 1193 3007 teigen
1213 2938 1310 2995 dvrste

170 3031 239 3088 vnde
258 3032 355 3087 sitzent
370 3031 498 3086 bischove
515 3031 541 3085 in
557 3030 640 3085 sinen
652 3030 763 3085 iivrsten
781 3034 878 3100 ampte.
899 3028 944 3084 die
961 3030 1020 3085 svin
1035 3030 1110 3085 sinen
1125 3031 1179 3089 lrof
1196 3017 1309 3090 sichen.

170 3127 227 3182 also
247 3126 377 3198 sprechen
397 3125 449 3179 wir
475 3125 510 3179 ob
537 3124 582 3179 div
602 3130 653 3179 stet
674 3123 762 3179 davon
788 3139 818 3178 er
843 3123 952 3180 bischoi
976 3127 1042 3194 [non
1061 3130 1091 3179 ut
1111 3141 1184 3182 nnnc
1203 3127 1307 3201 legitur

169 3216 310 3291 „iivrste”]
336 3217 441 3274 heinzet
469 3218 569 3288 [delete
590 3217 723 3291 particula
744 3218 839 3288 „div'']
866 3219 893 3273 in
919 3219 1002 3274 sinen
1022 3220 1132 3276 tivrsten
1151 3228 1245 3294 empte
1265 3223 1307 3280 tit.

168 3315 234 3372 swie
256 3314 291 3370 vit
318 3331 348 3370 er
369 3313 466 3369 enders
492 3299 570 3384 gistes
595 3314 623 3368 in
649 3312 732 3368 sinem
757 3312 836 3368 tunde
862 3314 908 3368 het
934 3313 1022 3370 dsvon
1047 3303 1142 3385 sichet
1172 3333 1204 3372 er
1234 3318 1308 3374 siner

167 3411 257 3466 hocve
280 3404 367 3465 'nivi''
406 3409 445 3464 Ito
471 3409 559 3463 locum
580 3408 681 3481 optimc
707 3407 816 3463 exhibet
841 3407 1036 3479 francogallicis
1061 3409 1169 3481 versio,
1196 3413 1308 3470 vertis:

168 3505 221 3574 „Et
246 3508 306 3558 sunt
331 3519 447 3574 evesque
473 3520 507 3558 cn
531 3520 560 3558 se
583 3502 696 3559 buronie
717 3503 771 3558 osis
792 3503 828 3557 cil
848 3502 958 3559 doivent
978 3501 1036 3559 sier
1057 3520 1073 3559 s
1094 3520 1124 3560 sc
1145 3512 1217 3562 cort.
1253 3508 1309 3563 Nos

170 3597 260 3654 disons
280 3598 347 3668 ensi,
368 3614 397 3653 se
417 3598 442 3652 le
463 3597 526 3652 citei
547 3597 611 3653 don
631 3598 655 3653 it
677 3604 727 3653 est
748 3613 898 3669 evesque
919 3595 1014 3654 est‘en
1033 3598 1060 3653 tu
1079 3604 1156 3655 terre
1176 3605 1205 3656 et
1226 3617 1263 3658 sn
1282 3602 1309 3658 le

169 3691 316 3762 seigniorie
338 3691 371 3746 de
393 3708 443 3763 que
463 3690 482 3746 il
504 3696 543 3746 est
564 3692 655 3764 apelez
675 3693 791 3766 princes.
832 3691 866 3747 Et
886 3692 1001 3755 conbien
1022 3709 1074 3766 que
1094 3693 1114 3748 it
1135 3692 1175 3750 eit
1194 3694 1309 3754 deutres

168 3787 243 3843 biens
264 3804 297 3843 en
317 3787 343 3842 ts
362 3792 438 3841 terre
458 3785 512 3841 dou
531 3787 641 3859 prince,
662 3787 680 3842 it
700 3793 759 3842 nest
778 3793 856 3843 tenuz
877 3786 953 3844 deler
972 3804 989 3843 u
1009 3773 1132 3860 le'cort,
1151 3806 1184 3846 se
1203 3790 1232 3848 tu
1253 3792 1307 3849 vile

170 3881 235 3936 dont
254 3881 273 3936 it
294 3887 334 3936 est
355 3897 472 3951 evesque
492 3886 549 3936 nest
570 3897 603 3936 en
624 3897 653 3936 so
674 3882 850 3952 seigniorie.''
1194 3858 1198 3867 Ι

246 3975 280 4040 2)
305 3975 334 4031 ln
359 3975 546 4046 lessbergiono
570 3975 694 4048 exemplo
716 3975 829 4033 deiende
848 3982 908 4031 sunt
927 3977 1013 4033 verbe
1031 3977 1111 4051 hujus
1135 3978 1208 4052 toci,
1236 3999 1308 4055 quse

170 4067 246 4122 uncis
266 4067 366 4123 incluse
386 4070 537 4140 subjiciam:
559 4069 647 4141 „vnde
665 4070 711 4125 het
727 4087 757 4125 er
779 4059 840 4142 [git
856 4070 936 4139 vnde]
957 4071 1056 4143 bivrge
1074 4073 1103 4129 in
1122 4073 1209 4131 sinem
1225 4076 1309 4133 lende

170 4161 238 4217 oder
259 4166 340 4216 stette
354 4164 418 4218 —.''
457 4164 678 4235 Francogellicus
704 4165 852 4239 interpres:
879 4172 928 4237 „et
952 4183 980 4222 se
1001 4166 1020 4222 il
1040 4183 1075 4223 ne
1093 4168 1121 4225 le
1141 4169 1252 4241 dignito
1274 4172 1309 4228 de

171 4255 280 4310 munder
306 4261 366 4310 cort
391 4262 418 4311 et
443 4257 462 4312 il
488 4258 522 4314 he
549 4259 615 4314 viles
642 4265 669 4314 et
694 4259 827 4317 chustiuus
852 4279 887 4319 ett
912 4261 938 4319 lu
963 4266 1038 4319 terre
1058 4262 1093 4320 de
1112 4263 1208 4322 luntre
1226 4266 1248 4323 il
1267 4271 1309 4325 est

171 4354 250 4405 tenus
270 4348 346 4408 deler
366 4367 381 4408 e
401 4368 430 4408 su
451 4358 511 4410 cort
529 4369 580 4428 per
600 4351 701 4414 droit.''
