2722 4898
555 339 792 407 ..164-

110 517 282 590 civitatisque
312 514 472 572 munitiones
504 519 652 588 receptum,

110 615 208 688 primo,
229 612 316 669 altero
336 610 471 684 tertioque
490 626 542 682 qno
564 611 651 665 adve-

110 709 182 766 nerit
206 708 253 765 die
279 715 308 763 ut
336 706 497 762 exhibentur
521 706 652 776 requirat,

111 822 164 879 quo
194 819 246 860 non
277 802 350 858 tacto
381 799 526 857 obsidionis
553 806 652 855 sumtus

111 901 168 975 ejus
184 899 246 969 sint,
267 899 341 968 cujus
362 901 403 951 est
419 911 468 950 ors
485 895 529 950 vet
546 893 649 950 civitas.

187 997 284 1053 cavent
301 1008 384 1051 tamen
398 996 478 1065 judex
500 1013 532 1049 ne
553 995 650 1062 injustis
675 978 683 993 ¹

144 1096 223 1141 vexet
240 1084 424 1138 obsidionibus.

167 1192 226 1249 tit.
252 1191 280 1248 b.
323 1189 366 1246 Ad
392 1187 550 1260 capiendum
576 1187 651 1262 pscis
761 1191 836 1258 „Dic
861 1189 923 1245 snite
946 1190 1009 1246 tene
1035 1189 1166 1263 corepeit

110 1286 273 1344 violatorem
298 1283 650 1357 proscriptumvequicun-
704 1284 759 1340 dcc
782 1283 918 1358 pernotum
943 1284 1088 1358 pesebriet
1112 1284 1164 1341 bat

110 1399 162 1455 que
188 1382 245 1451 ejus
271 1379 363 1450 ingoni
388 1379 580 1451 conspexerint
607 1384 651 1434 snt

111 1475 252 1548 strepitum
272 1475 305 1530 de
332 1474 489 1530 enfnctum
509 1472 652 1544 audierint,

111 1575 263 1628 occurrent.
314 1567 541 1640 comprehensum
567 1568 652 1640 judici

112 1666 265 1725 exhibeant.

170 1769 303 1843 Protugus
330 1768 352 1825 si
378 1767 447 1823 intro
474 1767 544 1824 orcis
570 1767 652 1841 oppi-

111 1864 174 1923 dive
199 1864 359 1921 munitiones
379 1880 408 1919 sc
428 1864 580 1934 receperit,
602 1866 653 1936 ju-

112 1959 277 2017 risdictionis
310 1964 442 2032 potestate
476 1959 651 2031 reclametur;

111 2056 134 2111 si
150 2055 248 2127 judicis
264 2071 324 2110 eum
344 2053 492 2126 repetentis
504 2056 580 2126 jussu
600 2071 653 2110 non

111 2151 329 2222 obtemperetur,
360 2148 500 2205 obsidione
527 2150 652 2223 cingatur
679 2196 699 2219 ,,
722 2188 746 2201 ..

111 2245 202 2315 locus,
228 2244 315 2301 donec
336 2243 492 2300 mntetcctor
518 2244 652 2300 exhibitus
696 2202 795 2349 Q*

111 2338 200 2396 tuerit.
758 2344 770 2365 “·

170 2440 201 2499 si
226 2459 321 2498 evasus
353 2449 429 2498 extro
457 2442 652 2515 jurisdictionis
756 2473 812 2512 „-
831 2441 865 2497 ob
886 2442 938 2498 ber
957 2460 1012 2499 san
1031 2443 1061 2499 io
1082 2461 1167 2518 epus

111 2537 177 2592 tines
202 2538 401 2610 receptaculum
427 2537 575 2610 invenerit,
602 2556 651 2594 re·
703 2537 831 2612 periclito
850 2533 946 2594 otnd.’'

113 2632 209 2687 clamet
239 2631 325 2703 judex
359 2650 435 2704 eum,
471 2633 651 2707 traditumque

93 2725 217 2805 ¹judicio·
238 2727 383 2784 submittat.
559 2724 562 2730 ’

754 2839 847 2912 Pergit
870 2838 914 2894 bic
933 2846 994 2911 post
1016 2841 1100 2909 verbs
1123 2857 1167 2916 sup

703 2936 788 2992 relstn
809 2934 951 2991 senonicus
975 2934 1110 3008 scriptor,
1137 2938 1167 2994 ui

704 3049 736 3088 eo
757 3030 790 3086 de
810 3047 841 3085 re
866 3028 1035 3086 disserendo:
1065 3030 1167 3108 „Moqe

703 3128 749 3183 ine
770 3127 808 3183 da
828 3124 920 3181 caten
943 3124 1035 3197 oppius
1055 3127 1167 3184 dentes

704 3225 743 3280 do
756 3224 811 3279 dnn
827 3220 892 3277 ootts
907 3235 964 3276 eon
977 3221 1056 3278 deme
1070 3221 1158 3281 tanne

703 3336 739 3375 nc
752 3334 837 3374 come.
858 3333 890 3372 se
903 3332 994 3372 coreo
1007 3316 1053 3373 ine
1066 3318 1167 3376 wodor.

704 3412 774 3470 aber
790 3412 842 3470 ber
857 3427 894 3467 co
908 3410 1025 3483 dorpbe.
1047 3414 1120 3470 oder
1133 3430 1167 3471 ss

703 3508 766 3566 den.
786 3509 908 3564 oderico
922 3504 1167 3582 bonponinepoc

702 3603 838 3679 periclito.
868 3619 931 3663 meo
956 3603 1002 3659 sot
1024 3604 1082 3659 das
1108 3622 1167 3678 pen

704 3715 835 3773 compen.
866 3699 941 3754 onds
970 3697 1057 3755 tuden
1086 3700 1166 3758 dass

705 3793 874 3852 humectes
897 3794 973 3850 node
1003 3793 1049 3850 dis
1078 3793 1159 3852 burc.

705 3889 751 3947 die
779 3890 874 3963 posteo
900 3889 1017 3945 tnecbte
1043 3888 1092 3946 dic
1121 3907 1167 3949 me

706 3986 759 4042 der
773 3984 813 4040 sit
827 3982 920 4040 baben
937 3983 1031 4041 mcci.
1052 3986 1130 4042 onds
1145 4002 1167 4043 n

704 4079 787 4136 tenen
808 4094 845 4134 cn
874 4095 912 4135 un
941 4078 1082 4136 reobteme
1108 4097 1167 4154 pem

706 4175 760 4239 den
784 4173 832 4229 sot
854 4188 918 4229 men
940 4174 987 4231 inc
1010 4176 1167 4233 cntwordcs

704 4269 757 4326 ber
774 4268 805 4325 in
825 4269 877 4326 der
891 4268 1064 4342 bambaften
1082 4271 1136 4329 tori
1152 4270 1167 4329 b

706 4363 784 4438 depo
807 4364 842 4424 is.
873 4365 952 4447 desto
976 4365 1012 4425 ire
1036 4368 1093 4429 dan
1117 4382 1167 4441 pst
