2722 4898
584 338 593 355 a

629 359 867 429 -m-

775 534 969 608 dicpdedurcb
996 536 1078 590 deme
1104 533 1144 589 iat
1172 533 1319 589 Μαίας

775 632 827 686 der
842 630 977 701 birolaopb
995 645 1053 685 aon
1071 629 1124 684 der
1138 627 1318 700 Nwomburp

773 727 850 782 ouda
865 725 912 781 die
927 740 984 780 aon
995 721 1164 794 Heraebarp
1177 723 1256 777 ande
1271 721 1319 778 die

774 835 832 876 oon
851 819 950 891 Mysme
973 820 1049 874 anda
1072 818 1119 874 da'a
1143 833 1202 873 aon
1219 816 1319 871 Bran-

777 912 921 969 denbarcb
951 914 1025 969 ende
1050 913 1096 969 dte
1125 927 1183 968 eom
1207 910 1319 966 Head-

775 1007 869 1081 berpa.
895 1007 950 1064 Dia
963 1007 1098 1079 biacbopd
1113 1022 1171 1062 oon
1182 1004 1319 1078 diapente

773 1102 824 1159 bot
843 1102 906 1158 viar
924 1103 1085 1159 auderem
1109 1101 1141 1156 a'a
1163 1117 1209 1156 me
1233 1099 1318 1156 hade

773 1215 811 1253 aa
824 1196 939 1253 Scaeam.
958 1198 1012 1254 dam
1026 1195 1161 1267 bmcbopb
1174 1211 1233 1251 aon
1243 1193 1317 1251 Hal-

775 1292 894 1348 berstod
918 1293 992 1348 aa&
1017 1292 1071 1349 dem
1096 1307 1152 1346 ooo
1170 1289 1316 1346 nodam.

774 1388 828 1443 dea
847 1401 904 1441 aaa
922 1385 1032 1442 Verdcn
1050 1386 1126 1441 unda
1145 1385 1198 1441 dar
1220 1385 1316 1454 [legez

774 1482 839 1551 dara]
855 1498 910 1536 oon
921 1479 1100 1536 rodanone:
1109 1478 1170 1535 Der
1180 1477 1317 1549 bisodopb

773 1592 829 1631 ooo
843 1574 1021 1632 Osonbrocbe
1036 1575 1111 1631 ande
1124 1591 1181 1630 oon
1192 1572 1317 1645 Myndeo

774 1672 834 1727 aad
851 1688 907 1728 oon
927 1669 1073 1725 divastare
1095 1669 1154 1725 sint
1172 1668 1318 1724 anderten

776 1766 855 1822 deme
875 1781 931 1821 coo
948 1763 1041 1821 cetae.
1062 1764 1114 1820 dar
1133 1761 1317 1833 meabiscbop

725 1861 728 1865 '
776 1862 898 1933 [supple:
920 1876 976 1915 oon
994 1859 1125 1926 Brcmam]
1151 1856 1203 1913 bat
1226 1857 1317 1913 undar

773 1956 828 2010 ime
853 1957 907 2011 den
935 1970 991 2009 vom
1015 1952 1128 2009 Labaka
1156 1952 1235 2007 coda
1264 1952 1317 2007 den

773 2066 829 2106 ooo
849 2048 956 2105 Savarias
977 2049 1053 2104 uada
1072 2049 1128 2105 derv
1146 2064 1205 2105 aaa
1224 2046 1315 2102 Raec-

775 2139 892 2200 borob.’'

243 2242 360 2324 Caput
375 2239 447 2306 tat.
476 2240 602 2320 Insuper
616 2257 723 2323 rogam

184 2352 363 2430 potestatem
386 2343 442 2406 sibi
459 2343 616 2405 vindicare
636 2344 723 2406 ocle-

183 2449 315 2513 brandae
345 2448 450 2511 curiae
481 2464 556 2509 suae
585 2447 616 2508 in
644 2464 724 2525 qua-

185 2570 305 2633 cunque
319 2550 450 2629 civitate,
466 2568 545 2631 quae
561 2549 724 2631 episcopa-

181 2655 241 2719 lem
263 2656 367 2718 sedem
385 2653 505 2717 habeat.
538 2653 723 2733 Aliquandiu

181 2758 241 2823 hoo
273 2759 323 2840 jus
360 2758 390 2820 in
428 2756 549 2820 dubium
582 2763 723 2820 vocatum

182 2879 253 2927 osse
268 2880 287 2925 a
303 2861 480 2942 quibusdam
501 2860 722 2923 ecclesiasticis

181 2964 377 3048 principibus
400 2965 452 3044 qui
464 2963 597 3045 jamdum
617 2964 653 3026 ab
671 2963 722 3025 illa

182 3067 378 3132 contentione
405 3066 583 3130 destiterint.
622 3065 723 3129 Deni-

183 3188 243 3251 que
272 3169 489 3235 oonvooandas
517 3185 588 3232 esse
621 3170 722 3232 curias

181 3273 283 3357 regias
314 3273 352 3336 ad
378 3270 627 3352 Francofurtum,
656 3272 723 3357 No-

180 3376 375 3460 rinbergam,
391 3376 506 3440 Ulmam
521 3375 657 3457 aliasque
676 3376 724 3439 ci-

181 3480 290 3546 vitates
312 3480 438 3562 imperio
461 3479 613 3571 subjectas
623 3477 669 3557 1’).

261 3703 292 3773 1)
319 3703 441 3760 Ostendit
467 3704 609 3777 synoptico
635 3704 726 3760 tabula
751 3702 826 3760 unius
849 3703 953 3761 tenoris
978 3720 1054 3775 essa,
1080 3719 1150 3776 quae
1176 3703 1313 3763 decuriis

181 3798 267 3869 regiis
286 3804 435 3855 tractentur
456 3799 587 3870 capitibus
608 3797 769 3855 tao-138.
802 3799 903 3870 lajeota
923 3816 992 3856 vero
1015 3799 1123 3856 urbium
1148 3800 1176 3857 in
1197 3799 1313 3859 anania

182 3892 292 3949 sitarum
317 3894 451 3950 mentione
478 3894 611 3949 lectorum
637 3893 733 3965 aliquis
757 3894 887 3950 bovarico
906 3895 977 3951 libro
997 3901 1108 3967 praeter
1129 3901 1310 3968 argumentum

180 3986 352 4060 propositum
371 3988 518 4044 memoriae
539 4005 618 4045 causa
639 3987 779 4044 adnotavit
797 3988 864 4045 alias
884 3989 1024 4045 nonnullas
1044 3990 1162 4061 notitias,
1174 3991 1208 4048 de
1223 3991 1308 4049 Suo·

181 4081 243 4138 uiae
264 4080 439 4138 divisionibus
459 4089 513 4138 tam
533 4083 717 4139 saecularibus
738 4100 816 4154 quam
836 4084 1038 4155 ecclesiasticis,
1057 4085 1167 4142 haustas
1187 4093 1218 4142 ut
1237 4083 1308 4142 veri-

182 4176 267 4233 simile
284 4181 325 4231 est
340 4192 375 4231 ex
390 4177 478 4233 veteri
494 4177 606 4248 quadam
628 4178 834 4251 cosmographia
849 4180 894 4235 vel
912 4179 1004 4235 similis
1024 4181 1178 4250 argumenti
1199 4180 1308 4253 quodam

182 4268 262 4327 libro.
307 4269 419 4326 Guriosa
444 4272 513 4328 baeo
539 4272 675 4329 saxoniae
703 4271 853 4345 descriptio
884 4279 1022 4330 auctorem
1051 4275 1144 4347 prodit
1176 4275 1204 4330 in
1228 4273 1307 4332 mari-

183 4363 284 4423 diomii
308 4364 448 4425 Germania
473 4367 623 4441 viventem,
653 4367 699 4427 ubi
728 4366 814 4425 miuus
841 4368 925 4441 vulgo
953 4375 1034 4427 notae
1063 4368 1127 4425 illae
1156 4385 1204 4427 ras
1229 4372 1306 4426 orant.
