2722 4898
519 367 734 431 ..53-

68 538 125 593 aive
145 537 267 592 iraudem
287 538 353 593 tiscc
370 538 529 594 vindicanda
550 555 602 595 uun
653 540 734 596 atcbt
757 541 856 596 tramea
877 540 951 596 noch
971 558 1008 597 aa
1027 543 1069 598 trs
1089 542 1192 600 herren

69 648 137 703 esse3
164 632 239 687 salva
264 638 353 687 tamen
373 632 461 688 damni
487 634 602 688 restitu-
653 636 720 689 walt
745 635 779 690 cb
809 635 852 689 sie
880 634 942 690 stet
971 637 1126 694 venonam
1155 652 1193 692 an

68 725 150 795 tinne,
168 725 322 798 judicisque
342 727 438 782 mulcta
459 728 521 783 inde
542 729 602 782 sal·
653 728 725 784 irme
747 725 870 784 rechte.”

67 820 176 875 vendas

114 913 223 986 Caput
236 915 273 970 47
291 914 323 970 ad
342 915 438 988 capitis
454 915 488 970 41
506 918 602 972 verba:

68 1009 140 1075 ,mad
164 1009 219 1064 ulle
246 1009 292 1064 dic
321 1010 467 1066 anelicbea
495 1010 602 1082 qebnra

68 1098 148 1156 staff’:

113 1197 255 1252 Naturales
268 1197 371 1253 liberas
387 1215 421 1253 ex
434 1198 603 1269 subsequenti

69 1291 233 1347 matrimonio
248 1292 334 1362 justas
354 1308 407 1347 non
427 1293 496 1349 fieri:

112 1384 254 1441 Pontificio
268 1392 296 1440 et
309 1402 437 1442 caesareo
447 1387 510 1458 jure
524 1393 603 1441 nata-

70 1478 124 1533 lium
146 1478 253 1551 quidem
277 1479 407 1541 maculam
429 1480 529 1551 deteri,
555 1497 605 1535 nec

70 1577 149 1628 tamen
169 1573 241 1629 effici
262 1591 342 1647 posse
365 1581 394 1628 ut
419 1574 446 1628 in
467 1574 604 1645 capiendis

69 1665 256 1723 hereditatibus
272 1668 367 1724 eodem
381 1673 434 1740 qua
444 1668 508 1739 justi
523 1668 602 1723 tiberi

36 1780 38 1785 ·
70 1758 126 1814 luco
144 1761 304 1818 habeantur.

113 1855 202 1910 dastcs
222 1848 324 1911 liberas
344 1872 457 1928 quorum
477 1863 604 1927 parentes

71 1948 186 2018 exjustis
205 1950 306 2022 nuptiis
319 1951 457 2022 procreati
474 1966 527 2006 nan
544 1951 604 2019 siat,

71 2042 198 2111 legitimos
207 2050 296 2099 tamen
307 2061 400 2100 eorum
408 2045 524 2101 heredes
536 2060 603 2099 esse.
835 2043 1016 2100 Emblema.·

704 2137 844 2193 Maximam
870 2139 966 2210 capitis
987 2136 1193 2196 deminutionem

653 2248 732 2304 passo
757 2232 845 2301 justos
873 2247 927 2288 nan
953 2233 1094 2304 procreari
1120 2232 1193 2288 tibe-

652 2342 715 2395 rcs‚
752 2326 801 2380 uisi
840 2325 867 2380 in
902 2326 971 2396 juris
1011 2326 1194 2396 integritatem

654 2421 686 2475 ab
713 2420 877 2490 imperatore
903 2421 1059 2476 restituatur
1088 2422 1124 2476 ab
1150 2437 1195 2477 res

654 2515 784 2569 adversus
817 2512 922 2583 regium
955 2510 1061 2586 imperii
1091 2515 1195 2572 bostem

654 2607 795 2679 praeclare
817 2607 844 2661 iu
865 2607 950 2678 prima
971 2608 1030 2663 acie
1050 2615 1150 2678 gestas.

124 2717 242 2799 Caput
258 2716 311 2780 48.
343 2717 389 2780 Ex
411 2718 482 2780 furti
503 2719 601 2780 latra—
711 2718 778 2780 Art.
801 2717 852 2782 23.
891 2719 957 2792 „Di
978 2721 1009 2780 ir
1031 2721 1117 2782 recbt
1138 2717 1195 2780 mit

70 2820 198 2899 ciniique
214 2820 448 2883 causa-infames
467 2822 492 2884 si
508 2822 603 2883 altera
655 2820 752 2881 raude
774 2819 852 2883 oder
872 2821 927 2882 aa‘t
954 2821 1035 2884 dnae
1056 2822 1195 2884 cirlcren
1254 2824 1257 2828 ’

70 2923 133 2985 vice
155 2924 293 3004 ejusdem
309 2923 444 2985 criminis
467 2924 514 2985 rei
532 2923 604 2986 iiant
656 2923 774 2984 bebbea
788 2924 862 2985 —.”

69 3023 139 3087 ferri
150 3025 283 3106 candidi,
300 3027 388 3088 aenei
405 3033 456 3088 aut
469 3027 604 3109 pugilum

69 3129 237 3192 certaminis
255 3129 337 3209 quad
354 3127 534 3209 „campum”
553 3128 604 3190 di-

69 3238 149 3309 cunt,
160 3231 275 3312 judicio
292 3231 509 3295 examinandas
525 3213 605 3318 esse.

127 3333 247 3414 Caput
274 3334 326 3398 49.
377 3335 504 3396 Fractae
538 3332 607 3395 fidei
715 3331 781 3393 Art.
794 3329 845 3394 23.
871 3329 984 3406 „Sacer
997 3349 1033 3392 sc
1049 3329 1195 3393 tradens

67 3453 139 3498 reus
167 3443 198 3497 et
226 3436 342 3516 imperii
369 3438 523 3499 exercitus
547 3436 605 3497 de·
660 3433 785 3494 decedet
798 3433 872 3495 wint
886 3428 1195 3511 odcrberelincbticb

68 3545 204 3601 sertores
227 3539 423 3601 hereditatem
442 3545 471 3599 et
491 3538 604 3599 mitita—
657 3556 718 3599 uon
733 3537 809 3598 sime
824 3535 950 3599 rechten
965 3533 1087 3597 herren.
1110 3534 1196 3599 deme

66 3642 112 3703 ria
140 3640 288 3704 beneficia
315 3642 518 3718 committere,
547 3658 605 3702 nec
657 3639 785 3701 cirdetit
806 3658 874 3700 mea
896 3639 954 3701 aia·
969 3657 1022 3699 ere
1040 3637 1122 3700 unde
1144 3637 1196 3700 sin

66 3751 168 3806 tamen
186 3744 292 3825 capitis
314 3745 477 3807 discrimen
498 3744 568 3824 pati.
658 3742 794 3804 tenrecbt
816 3741 897 3803 ande
918 3739 1006 3802 aicbt
1027 3741 1079 3802 ain
1100 3739 1195 3819 ttpt.’'

126 3845 154 3901 Si
174 3846 232 3919 ipse
247 3846 373 3919 princeps
391 3846 418 3901 in
433 3845 522 3915 fugam
538 3861 605 3900 ver-

64 3945 153 4009 tatur,
183 3940 263 4010 fugae
292 3941 381 3998 socios
410 3956 463 3995 nou
489 3939 607 3994 infideles

66 4034 223 4091 existimari.

127 4127 244 4210 Caput
267 4129 318 4193 50.
354 4129 512 4193 Famosum
535 4144 606 4190 esse
711 4125 837 4188 Arati.
855 4121 988 4202 „Ctuyet
1002 4120 1196 4202 muyctcder

66 4231 180 4294 tutelae
192 4282 194 4289 .
198 4232 354 4313 judiciam.
480 4235 482 4240 ’
658 4228 781 4291 wedece
795 4244 834 4288 aa
849 4225 1020 4289 taatrecbte
1038 4243 1113 4288 occr
1126 4225 1196 4287 iren

658 4329 866 4398 aoremnadcn
879 4329 951 4394 -.”
