2722 4898
551 339 763 406 -p..

84 514 159 596 ipsis
181 512 276 578 rebus
298 514 338 578 (le
356 515 514 598 utriusque
532 513 599 577 libri
623 515 742 599 origine
760 535 840 583 nova
858 536 958 599 eaque
981 520 1114 587 certiora
1136 518 1219 586 olle-

84 619 182 681 renda
206 618 257 680 libi
280 617 417 686 habeam.

170 721 275 784 Nullus
304 722 405 785 dubito
435 724 506 803 quin
536 730 645 786 cuncta
674 741 754 802 quae
782 724 821 785 de
849 725 997 789 saxonico
1026 727 1151 806 speculo
1182 729 1221 791 all

83 823 200 906 Hogeri
225 825 340 888 comitis
361 844 472 906 preces
495 845 550 908 per
571 826 724 888 Ecconem
747 827 880 904 equitem
903 834 954 890 aui
976 829 1092 908 scripto
1116 838 1167 892 aui
1190 832 1220 894 in

83 927 294 1010 germanicum
323 928 433 991 idioma
463 947 614 993 converso
642 928 784 1010 leguntur
812 929 890 991 lnior
919 929 1054 1010 ejusdem
1078 930 1220 994 officinae

83 1029 202 1093 lahulas
225 1049 348 1111 ponam,
379 1033 488 1110 quihus
511 1038 542 1092 ei
564 1031 702 1094 iradilnm
726 1038 788 1109 est,
817 1031 959 1095 llarolum
989 1051 1128 1115 magnum
1151 1053 1221 1097 cum

82 1133 189 1196 Leone
218 1152 295 1213 papa
325 1140 445 1194 secrela
474 1133 681 1214 Westphaliae
706 1133 822 1213 judicia
851 1137 1061 1214 constituisse,
1092 1145 1122 1198 et
1152 1157 1221 1200 mu-

81 1234 226 1314 nicipalia
254 1234 561 1318 magdeburgensium
585 1237 656 1317 jura
680 1236 806 1317 Juoeme
835 1235 960 1317 Gitone,
991 1240 1042 1318 qui
1070 1247 1100 1301 et
1129 1240 1222 1302 ruber

81 1337 211 1414 dicitur,
241 1355 296 1418 per
318 1336 506 1401 Burcardum
529 1359 546 1401 a
568 1337 768 1422 Mangelleld,
798 1340 864 1421 ejas
892 1341 994 1421 palalii
1017 1349 1221 1421 quaestorem,

82 1457 195 1503 sacrae
217 1439 392 1524 theologiae
416 1440 623 1521 professorem
647 1450 678 1506 ei
701 1443 853 1506 dominum
875 1443 993 1526 legum,
1022 1446 1073 1523 qni
1103 1444 1222 1507 carceri

82 1542 221 1605 inclusus
243 1542 374 1607 Ecconis
398 1563 520 1626 quoque
543 1547 697 1626 speculum
726 1554 945 1609 commentatus
974 1547 1027 1624 sil,
1058 1565 1098 1608 ex
1120 1547 1224 1611 Karoli

67 1647 186 1731 *magni
215 1647 380 1731 privilegiis
409 1650 576 1712 saxonicae
605 1650 687 1732 genii
716 1651 892 1729 concessis,
920 1649 1008 1733 regni
1031 1651 1223 1730 imperaloris

82 1748 203 1812 Othonis
227 1768 306 1813 anno
330 1752 428 1830 terlio,
452 1758 601 1832 concepta
624 1753 752 1834 ejusqne
771 1753 962 1835 imperatoris
985 1752 1105 1836 signato
1124 1750 1222 1833 privi-

83 1852 236 1936 legiorum
258 1854 457 1918 instrumento
485 1855 667 1919 communita
689 1860 815 1931 esse¹).

166 2068 197 2139 1)
222 2071 360 2143 Interpres
391 2070 424 2127 ad
450 2070 521 2142 juris
551 2070 647 2128 munic.
678 2085 772 2128 saxon.
802 2075 853 2126 art.
877 2068 902 2126 X
931 2069 994 2140 (erl.
1020 2069 1109 2140 Augh.
1138 2066 1224 2138 1499,
1295 2058 1298 2065 ’

83 2163 133 2220 lol.
155 2164 267 2232 XXIV).

165 2259 204 2316 Ne
224 2258 320 2316 nimius
338 2259 454 2317 Eooonis
474 2261 644 2316 obtrectator
665 2259 774 2330 videar,
797 2257 890 2332 paucis
912 2258 999 2314 dicam
1020 2270 1088 2329 quae
1109 2257 1143 2312 de
1164 2255 1222 2329 ejus

83 2355 113 2411 in
132 2371 192 2412 rem
211 2354 360 2411 literarium
380 2355 482 2411 merllis
502 2355 617 2426 aliquam
637 2353 696 2409 veri
717 2353 842 2410 videntur
863 2353 981 2426 speciem
1001 2353 1111 2408 hahere.

164 2449 244 2505 Extat
264 2449 386 2522 pluribus
407 2450 433 2505 in
454 2449 585 2522 exemplis
608 2448 717 2521 scriptis
740 2447 873 2505 Chronica
893 2447 1024 2519 quaedam
1045 2445 1150 2515 mundi,
1171 2440 1223 2499 de·-

84 2544 170 2602 duca
190 2561 273 2616 usque
294 2543 329 2601 ad
349 2551 463 2600 mortem
483 2543 606 2599 Otialmri
634 2543 714 2616 primi
733 2543 877 2598 Bohemiae
902 2541 978 2612 regis
999 2540 1120 2610 (1230),
1146 2554 1225 2609 quam

84 2638 216 2696 latissime
237 2645 415 2713 propagatam
441 2638 523 2694 luisse
548 2655 583 2694 ax
603 2653 637 2693 eo
659 2643 763 2693 constat
784 2636 855 2709 quod
876 2637 976 2708 scripta
998 2634 1151 2690 inveniatur
1171 2637 1225 2687 iam

85 2736 114 2791 io
134 2734 266 2791 saxonico
286 2733 424 2804 idiomate,
445 2749 522 2804 quam
543 2733 570 2788 in
591 2749 623 2788 ea
639 2747 690 2802 qua
705 2731 789 2787 Rheni
806 2730 941 2787 inferioris
961 2729 1072 2784 accolae
1094 2733 1121 2781 el
1140 2739 1224 2796 supe-

83 2830 170 2885 rioris
189 2827 348 2885 Germaniae
373 2827 495 2884 homines
520 2828 663 2883 utebantur
687 2825 804 2880 dialecto
832 2825 886 2892 (ol.
907 2824 1105 2890 llassmanm
1131 2819 1224 2873 Nach-

85 2924 213 2995 wcisung
233 2924 300 2980 iiber
320 2924 372 2979 cleo
388 2921 496 2993 Anlang
516 2922 565 2978 der
582 2920 742 2977 Croaeehen
762 2919 810 2975 der
831 2917 939 2988 Sessar,
960 2918 1007 2973 in:
1022 2916 1108 2970 Neues
1129 2918 1224 2968 valer-

84 3018 239 3075 lrindisohes
258 3019 360 3075 Archiv
387 3018 435 3074 des
455 3016 636 3088 llonigreiohs
659 3015 809 3072 llannovcr.
851 3013 1009 3095 Lirnehnrffi
1029 3008 1123 3078 lahrg.
1143 3003 1224 3064 1825.

86 3114 154 3184 B.1,
174 3131 202 3186 p.
217 3113 297 3183 233).

166 3209 255 3281 ipsam
285 3206 505 3278 chronologicam
540 3204 670 3261 historiae
708 3203 904 3276 expositionem
937 3196 1077 3270 praecedit
1108 3211 1226 3264 carmen,
1313 3249 1314 3252 ,

87 3305 167 3375 cujas
191 3304 240 3359 suh
265 3303 344 3360 linem
369 3303 454 3359 verba
480 3301 521 3370 (in
542 3299 643 3356 Codice
668 3293 851 3365 Baralinensi,
875 3292 939 3350 olim
963 3288 1225 3357 Blachenhemiensi)

87 3405 238 3455 occurrunt
259 3401 299 3471 (p.
315 3397 363 3468 2)ss

335 3491 401 3564 „loh
419 3490 488 3564 hayo
508 3491 563 3558 mia
582 3487 629 3542 des
649 3485 720 3541 walo
741 3483 866 3553 halaam,

338 3586 382 3643 nir
402 3586 476 3643 buch
496 3581 558 3638 wiri
579 3595 697 3636 nummer
718 3579 859 3648 volhragl;

340 3680 389 3736 Dia
409 3678 472 3734 wile
494 3677 527 3732 de
547 3675 639 3732 werill
659 3680 729 3744 stant

340 3775 377 3832 So
398 3772 452 3829 vile
472 3771 536 3837 wira
557 3769 696 3840 hunstiger
717 3766 799 3838 dnm

338 3869 391 3925 Des
411 3884 486 3938 mups
507 3866 534 3921 di
553 3864 619 3921 rede
640 3881 675 3920 nv
695 3860 797 3933 hlllerr,

338 3963 367 4018 ln
387 3962 439 4017 han
460 3966 525 4030 napi
544 3959 628 4015 laisan
648 3955 773 4014 schriveo

340 4058 390 4115 Dat
410 4057 480 4113 noch
501 4055 639 4126 gescheyn
660 4052 711 4109 sol.

339 4153 389 4209 llir
409 4156 512 4224 genugi
531 4151 583 4218 hey
605 4164 638 4202 an
658 4146 745 4216 woly

340 4246 396 4307 We
416 4263 451 4302 ur
471 4246 540 4301 leret
562 4248 682 4299 vorwert
702 4241 750 4296 has

341 4342 408 4401 Wat
429 4340 478 4398 dar
498 4337 629 4410 geschoyt
649 4335 683 4393 de
703 4333 809 4393 achrive
830 4329 877 4386 das
