2722 4898
630 328 866 400 -204-

184 492 243 566 aliis
274 525 308 564 ex
333 493 555 580 probationibus,¹
585 514 613 592 ut
637 498 723 581 'sopra
776 510 849 567 nocie
866 509 970 568 recto.
1002 511 1236 579 [Wirtaberdie
1250 531 1319 571 ore-

183 605 283 660 dietum
314 610 370 673 est,
401 603 427 656 iu
458 603 532 674 pacis
563 603 724 659 violatorem
777 604 946 662 debreeltere
966 615 1107 680 peoonpet
1126 608 1156 662 in
1176 610 1230 665 der
1250 625 1318 667 oer-

183 697 349 755 statuendum
371 712 437 752 esse.
528 709 531 713 ’
776 698 940 756 scientae.
966 717 1030 756 men
1050 701 1153 758 risisset
1175 702 1247 760 uber
1268 721 1318 760 ene

775 794 849 850 neele
869 797 970 851 credes
992 792 1169 865 reelete]'’¹).

853 898 943 960 „Seuer
970 899 1018 948 den
1044 900 1159 949 anderen
1184 899 1245 950 sleit
1268 917 1317 952 ane

805 985 895 1035 sponde
907 986 968 1035 oder
979 986 1041 1050 rost.
1054 984 1113 1035 wiri
1126 985 1172 1036 lter
1183 1003 1316 1056 qeaonqen

806 1069 852 1120 mit
872 1071 996 1138 peruelte
1017 1084 1064 1121 cor
1080 1071 1198 1138 periclito
1216 1072 1315 1125 bruell.

805 1155 830 1206 ia
847 1173 880 1206 ne
896 1157 949 1224 peit
968 1173 1025 1224 pme
1048 1172 1085 1206 asc
1101 1157 1151 1207 dea
1168 1154 1227 1209 leole
1248 1149 1315 1210 mei

806 1258 841 1292 on
864 1242 905 1293 sin
927 1251 1026 1310 pssunt.
1053 1242 1126 1293 nielst
1153 1245 1206 1295 dan
1231 1246 1315 1297 eece

806 1329 873 1378 unde
891 1327 967 1383 bellae
984 1327 1095 1379 virboret
1112 1329 1160 1380 laer
1176 1331 1212 1380 da
1229 1332 1289 1381 on.‘'

236 1430 354 1511 Caput
369 1427 442 1494 300.
465 1429 571 1492 Testes
584 1448 646 1494 non
663 1431 721 1493 ad·
826 1432 936 1506 „Smer
954 1433 1028 1495 ceole
1045 1451 1103 1496 oor
1117 1435 1259 1514 periclete
1276 1456 1315 1498 so

183 1533 344 1596 mittendos
373 1550 458 1610 esse,
493 1534 545 1612 qui
575 1551 592 1594 a
616 1533 719 1614 judice
771 1535 902 1614 petlope
923 1536 1025 1598 ludet
1049 1537 1080 1597 ir
1096 1536 1153 1598 lter
1170 1557 1233 1600 oon
1254 1557 1313 1617 pe·

180 1656 242 1700 non
264 1637 384 1699 evocati
410 1636 585 1698 testimoniis
609 1636 719 1698 dicen·
772 1637 889 1699 ricletee
911 1637 1023 1700 halben
1048 1647 1200 1720 peon-opes
1225 1648 1313 1703 opert.

180 1741 227 1802 dis
250 1757 284 1802 se
304 1739 475 1818 obtrudant,
498 1739 567 1803 dum
591 1739 639 1800 alii
661 1739 719 1802 lide
771 1740 854 1802 neele
880 1740 985 1802 reelste
1009 1742 1040 1804 ei
1064 1742 1121 1805 lser
1142 1761 1206 1806 oon
1229 1742 1314 1807 derne

179 1842 335 1926 digniores
356 1842 464 1904 haberi
486 1842 613 1923 possint.
771 1844 1043 1924 tlope·virlcpit.’'

235 1961 432 2035 saputem.
473 1963 516 2018 Ad
543 1961 638 2035 capitis
661 1963 719 2020 298

178 2059 279 2114 verba:
299 2057 405 2128 „vinde
421 2057 467 2114 ein
482 2074 548 2113 men
562 2059 608 2114 sin
622 2057 718 2130 diobip

177 2139 230 2225 qe⁰tt
245 2148 311 2207 -”.·

235 2247 294 2302 Non
328 2248 488 2302 malefacere
519 2248 564 2319 qui
597 2244 718 2321 dispersa
822 2249 883 2304 Art.
896 2245 959 2305 132.
989 2247 1065 2318 „Die
1084 2265 1151 2330 mon
1170 2266 1207 2306 ne
1227 2250 1313 2307 misse

178 2340 259 2398 vieini
285 2357 401 2414 peoora,
432 2358 514 2413 usque
542 2341 575 2396 ad
606 2342 718 2397 alterum
771 2344 821 2398 dot
846 2343 930 2399 nieht.
958 2342 992 2398 ob
1021 2343 1073 2399 lter
1098 2342 1169 2398 sinis
1195 2344 1311 2417 peloris

178 2436 249 2491 diem
269 2435 452 2506 custodienda,
473 2436 579 2492 domum
600 2436 716 2507 abigeus.
770 2437 823 2493 cele
836 2437 886 2492 mit
899 2436 1004 2495 sineme
1016 2437 1128 2507 indrift.
1146 2440 1238 2494 ende
1252 2441 1310 2496 des

176 2531 229 2585 Pro
249 2530 309 2585 lure
330 2536 416 2586 autem
437 2531 547 2600 haberi,
570 2530 616 2603 qui
635 2547 717 2604 pecus
769 2549 955 2604 morpenes
993 2535 1109 2590 eeder
1144 2533 1311 2591 ostrilit.

178 2626 300 2682 abactum
319 2624 388 2680 intra
406 2624 555 2681 custodiam
574 2642 647 2682 suam
663 2626 716 2681 ha·
770 2612 848 2682 deete
862 2626 914 2682 lter
928 2626 955 2681 iz
975 2626 1052 2685 nielet
1071 2627 1215 2686 cirsoelte.
1238 2631 1312 2686 oncle

176 2721 243 2778 bere
256 2719 406 2790 negaverit.
429 2720 485 2776 Nec
498 2720 620 2793 praestiti
635 2718 717 2777 oflicii
768 2720 885 2778 nielene
903 2720 1003 2792 sroeit
1023 2721 1062 2778 do
1081 2720 1135 2779 obe
1161 2719 1262 2781 rreme”
1274 2727 1310 2792 ¹).

176 2816 231 2873 ulla
251 2831 355 2871 merces
376 2816 510 2886 exigetur.

234 2927 342 3000 Caput
361 2925 419 2982 302
439 2927 489 2983 lit.
511 2945 536 2998 a,
557 2939 610 3000 qam
630 2943 716 3001 prae·

176 3023 274 3080 cedens
294 3027 375 3095 caput
395 3021 573 3078 continuetur.

232 3119 289 3174 Nec
322 3117 500 3186 malefacere,
532 3117 625 3174 honae.
653 3117 716 3174 fidei
818 3119 916 3188 „Sacer
939 3118 1016 3192 spois
1044 3119 1172 3176 anderen
1197 3122 1309 3179 mannis

175 3226 360 3286 possessorem
387 3217 432 3268 aut
457 3227 580 3283 servum,
610 3203 656 3285 qui
682 3212 716 3269 ad
767 3211 871 3285 riplee
897 3229 983 3270 corn
1008 3203 1090 3285 anit.
1116 3232 1150 3270 so
1177 3218 1235 3272 doz
1259 3219 1311 3274 lter

175 3308 310 3365 domiuum
325 3307 464 3380 pertinere
474 3306 585 3362 fundum
601 3306 716 3363 credens
766 3307 849 3363 wenit
876 3310 931 3364 das
960 3309 987 3362 is
1014 3309 1075 3365 loct
1100 3309 1146 3365 sin
1171 3311 1206 3366 si
1240 3313 1310 3367 oder

175 3404 289 3460 alienam
314 3408 434 3474 segetem
458 3407 547 3458 metat.
588 3402 715 3459 Monitom
766 3401 837 3458 sinis
853 3401 957 3458 leerren
971 3405 1049 3460 mene
1065 3403 1118 3460 lter
1132 3406 1237 3463 diuet.
1259 3406 1309 3463 ter

159 3505 272 3571 autem,
285 3497 401 3556 alienum
414 3496 601 3568 essefundum
614 3497 714 3554 fructus
766 3511 802 3553 ne
826 3497 965 3554 misseelot
988 3497 1073 3555 nient
1104 3499 1184 3557 desse
1208 3501 1264 3558 lter
1281 3501 1308 3556 is

175 3665 345 3675 ...ω-ι...-
357 3666 378 3674 ..ι

251 3776 282 3847 1)
309 3777 389 3833 Erret
408 3777 549 3832 saxonicus
569 3775 686 3849 scriptor
707 3774 741 3831 ad
761 3781 842 3848 caput
861 3776 896 3832 de
915 3791 984 3850 pace
1003 3775 1137 3833 servanda
1157 3779 1308 3849 remittens,

174 3888 251 3942 quum
271 3871 393 3927 bavarici
412 3871 476 3927 libri
496 3871 625 3943 allegatio
645 3871 733 3944 potius
753 3870 788 3926 acl
807 3877 888 3944 caput
907 3871 964 3927 266
983 3870 1128 3927 referenda
1147 3871 1254 3930 luisset.

250 3965 284 4034 2)
308 3965 401 4021 Melius
421 3966 448 4021 in
468 3966 597 4022 bovarico
616 3966 703 4021 libro:
725 3982 775 4036 „er
797 3966 837 4022 sol
859 3966 928 4021 ouch
949 3964 1079 4021 deheiuen
1098 3970 1163 4022 uvis
1183 3966 1235 4023 (lar
1256 3971 1307 4026 abe

172 4057 297 4131 nemos,
318 4056 391 4132 quod
410 4076 488 4116 sensu
506 4076 586 4134 supra
601 4061 738 4132 exposito,
757 4060 916 4132 minimeque
930 4060 965 4114 de
978 4059 1112 4116 lractaum
1126 4063 1308 4136 perceptione

173 4154 372 4226 intelligendum
402 4162 453 4213 est.
500 4156 554 4211 Cur
580 4154 649 4210 enim
674 4155 732 4226 quis
758 4171 784 4211 v.
808 4170 832 4211 c.
860 4170 913 4211 non
942 4153 1062 4224 mulgeat
1085 4155 1170 4211 vicini
1193 4172 1308 4213 vaccam

172 4249 309 4306 custodiae
337 4266 416 4306 eausa
442 4251 469 4307 in
494 4250 624 4307 stabulum
651 4265 725 4305 suum
750 4265 802 4323 pro
827 4264 878 4305 ana
904 4255 1005 4306 tantum
1029 4255 1128 4320 nocte,
1153 4257 1184 4306 at
1205 4252 1308 4310 dictum

173 4351 223 4418 est,
242 4345 403 4421 receptam?
