2722 4898
558 341 793 410 -rm-

111 517 232 592 patibulo
243 516 414 590 affigendum,
430 522 569 574 auctorem
583 534 651 574 vero

111 612 271 685 laudantem,
291 612 421 685 ejusmodi
436 629 543 685 quoque
559 629 650 670 rerum

111 709 228 780 nominc,
249 708 408 765 audiendum
428 724 497 764 esse,

197 837 315 920 Caput
336 839 409 903 262.
453 838 542 901 Plura
569 837 618 899 hic
647 836 803 900 recentior
832 836 981 918 quaedam
1008 853 1115 900 manus
1144 838 1154 901 i

110 943 220 1023 spersit
242 940 279 1005 de
301 943 426 1006 Judaeis
455 941 493 1004 ad
522 940 714 1003 christianam
730 939 830 1033 ,iidem
853 941 1027 1020 conversis,
1058 940 1097 1003 de
1119 941 1153 1005 vi

111 1030 321 1109 a'chrislianis
336 1042 522 1109 Judaeorum
545 1040 775 1124 consuetudine,
798 1060 937 1133 quaeque
961 1043 992 1105 id
1013 1046 1114 1128 genus
1135 1063 1151 1108 s

110 1167 150 1209 ex
180 1149 380 1211 ecclesiaslici
408 1147 561 1230 cujusdam
591 1144 748 1228 scriptoris
776 1146 906 1210 lectione
935 1147 1062 1211 fluxisse
1091 1147 1154 1212 vid<

110 1269 250 1332 quaeque
270 1252 422 1315 curiosius
439 1252 489 1314 hic
512 1252 688 1332 expendere
707 1267 820 1332 operae
842 1268 902 1313 uon
922 1257 969 1314 est
990 1252 1129 1333 pretium,
1153 1292 1154 1297 κ

110 1354 180 1415 nihil
202 1355 273 1417 inde
296 1356 460 1419 saxonicus
482 1355 615 1437 scriptor
638 1372 724 1418 suum
745 1351 826 1423 fecit.

195 1458 337 1540 Proprius
359 1460 398 1522 ad
419 1457 565 1542 Ansegisi
586 1465 675 1542 caput
698 1458 736 1521 du
754 1457 928 1538 juramento
951 1459 1088 1523 accedia:

197 1560 314 1644 Caput
336 1561 481 1628 2632111
503 1581 582 1645 quae
604 1561 699 1627 verba
720 1560 845 1625 Judaeis
864 1562 1026 1644 jurandum
1048 1564 1098 1628 sit.

399 1769 522 1852 eaput
544 1769 574 1834 9.
610 1765 653 1838 de
675 1761 955 1857 commanendum.

168 1919 284 2001 Caput
299 1918 372 1983 264.
399 1918 650 2000 Quandoquidem
754 1917 821 1984 Art.
835 1917 906 1982 115.
933 1918 1030 1998 „Mon
1046 1918 1154 2006 spricd

111 2025 310 2104 munitiones,
332 2022 555 2104 militesque
578 2022 649 2087 ub·
703 2023 799 2104 burpe
826 2022 909 2093 uode
939 2028 1066 2085 cor-sien
1092 2024 1154 2093 nied

112 2128 252 2208 sequio
282 2143 352 2192 suo
380 2125 563 2189 addictos
589 2124 649 2195 he·
701 2127 797 2191 erede
820 2127 921 2189 callen
943 2126 1055 2190 doben.
1085 2127 1149 2191 dea

110 2235 184 2298 bere
207 2229 391 2313 principibus
418 2228 649 2310 municipiisque
703 2249 744 2293 uu
766 2251 804 2292 eo
824 2229 956 2292 brechene
977 2230 1154 2310 saepedum

112 2335 291 2418 permissum
314 2333 362 2411 sit,
384 2332 493 2412 quibus
510 2333 596 2395 -tueri
616 2348 651 2394 se
703 2333 850 2397 meredic
866 2333 905 2394 de
921 2332 1147 2412 bnrpedobea.

111 2441 193 2521 ipsos
221 2443 364 2519 possent,
394 2436 555 2498 nonnullos
583 2443 651 2498 sia·
704 2437 803 2500 durch
830 2435 981 2516 oordofte
1011 2436 1092 2500 bade.
1125 2437 1154 2499 dr

113 2550 210 2620 tuere,
232 2554 350 2622 pacem,
374 2557 433 2619 qua
452 2533 652 2622 protegantur
702 2546 831 2602 corsica
848 2559 946 2602 ouran
967 2540 1076 2605 culleo.
1106 2541 1155 2604 De

112 2647 256 2724 inermes,
271 2662 332 2706 non
343 2644 499 2724 pertinere
512 2642 550 2704 ad
561 2643 649 2723 priu—
704 2643 783 2716 duod
799 2644 978 2707 nichauome
994 2662 1077 2707 amer
1092 2644 1154 2709 dea

112 2751 196 2831 cipes
230 2753 261 2810 et
296 2734 476 2828 municipum
513 2748 652 2809 commu-
703 2752 772 2809 aleo
789 2747 886 2810 erede
904 2734 988 2811 lobia
1015 2747 1154 2815 andeca

112 2855 229 2916 nioues.
264 2850 297 2912 ld
319 2856 417 2912 lameri
439 2836 547 2913 falsum
569 2847 653 2912 esse
704 2869 772 2914 oneo
783 2846 936 2931 pudicitip
952 2852 990 2914 is.
1014 2851 1098 2914 urim
1114 2851 1152 2916 dee

111 2936 273 3042 Principes¹
299 2953 529 3034 municipesque
564 2971 652 3016 com·
704 2954 799 3018 crede
821 2973 863 3018 oo
885 2975 934 3019 en.
956 2973 1025 3018 meo
1048 2956 1098 3020 sol
1114 2956 1154 3023 ud

112 3057 192 3122 muni
210 3055 299 3138 pacis
322 3055 553 3138 legisubesse,
581 3074 653 3138 pa·
705 3057 857 3121 richron.”

112 3154 270 3241 cemque
299 3157 365 3221 sub
390 3158 653 3243 purisJuraudi

112 3263 310 3346 religione
327 3261 493 3331 invicem
507 3248 653 3336 corsola

112 3367 332 3450 principum
364 3365 653 3449 civitatumque

112 3470 655 3551 auctoritatepromissamnon

113 3572 653 3656 conspirationemillicinam,

112 3676 168 3739 seu
191 3661 653 3741 nvnummr'cusuuenuun

113 3796 193 3843 0880.

165 3881 274 3956 Caput
299 3882 364 3939 265.
407 3883 451 3940 Ad
481 3882 576 3956 capitis
599 3884 677 3941 264*

112 3978 212 4035 verba:
233 3978 301 4048 „dia
321 3976 419 4052 diurpe
438 3973 536 4034 dunt.''

165 4073 195 4130 Si
207 4073 265 4145 quis
280 4072 394 4144 aliquem
404 4073 508 4144 judicio
519 4073 576 4130 sisti
590 4073 654 4130 satis
757 4076 816 4133 Art.
840 4073 903 4132 115.
944 4077 1044 4146 „Smer
1071 4078 1154 4154 burpu

114 4166 231 4240 dederit,
251 4167 303 4224 uisi
316 4183 379 4230 reus
395 4169 514 4242 sistatur,
530 4185 655 4243 poenam,
706 4172 785 4245 equis
819 4172 929 4228 mem
964 4189 1020 4230 cor
1051 4175 1154 4248 pem'cd

114 4280 166 4335 qua
183 4264 323 4320 convictus
339 4269 482 4323 contumax
499 4264 655 4322 afficiendus
707 4265 849 4340 drinpene.
875 4268 950 4324 ande
969 4285 1005 4324 oe
1029 4268 1154 4327 macca

113 4358 216 4432 fuisset,
229 4357 414 4431 fidejussorem
428 4360 484 4432 ejus
498 4361 679 4434 incurrerep
706 4361 783 4418 uiolet
807 4362 909 4421 dedeo.
939 4363 1002 4421 adse
1028 4364 1080 4425 der
1103 4364 1152 4425 inc
