2722 4898
549 359 785 428 -187-

738 560 789 599 ,,-
802 549 835 587 tte
852 533 899 586 but
916 533 963 586 bar
977 535 1024 587 dee
1038 533 1135 603 burgen
1151 535 1233 588 amit.

695 620 846 672 steritem
863 619 902 670 sol
917 621 975 671 icoc
992 620 1058 673 satta
1075 620 1180 674 teactae
1194 620 1233 673 bia

692 709 740 758 dos
759 706 805 758 lter
822 705 922 758 reclates
938 706 1036 776 plepe.”

181 793 337 860 Proscriptus
356 794 399 861 qui
417 799 528 862 negante
546 792 641 845 adver·
740 792 831 857 „Smer
852 810 898 844 cor
920 793 1035 862 pericbte
1062 792 1161 862 spricltt
1188 793 1234 845 ber

141 882 202 934 sario
220 881 247 932 in
266 879 330 946 juris
353 879 523 947 integritatem
546 894 574 930 se
596 893 642 930 re·
696 875 768 932 bale'
787 879 846 931 secla
872 895 904 930 aa
927 881 972 935 cler
994 887 1114 947 certoaqe
1137 888 1233 948 taoqcn.

141 967 246 1018 stitutum
262 981 321 1016 esse
336 963 451 1029 affirmat,
466 964 643 1031 jusjrmundum
696 966 764 1017 unde
780 982 813 1017 ne
829 964 968 1017 wlkammt
982 966 1029 1018 ber
1042 967 1086 1017 des
1102 964 1174 1016 niobe
1188 965 1234 1016 mit
1312 979 1319 991 ·

140 1051 211 1104 cade
224 1066 254 1104 rc
267 1058 388 1119 praestet,
406 1050 522 1103 adhibitis
537 1049 642 1103 testibus
693 1053 803 1121 petboqe
835 1051 898 1118 [mit
919 1053 997 1103 rteme
1023 1051 1137 1103 rictam
1164 1050 1235 1115 und]

141 1138 250 1204 molius,
275 1139 318 1206 qui
337 1131 456 1190 viderunt
478 1145 503 1190 et
520 1138 570 1204 ipsi
593 1152 642 1187 aa·
695 1139 741 1188 mit
761 1154 829 1188 owen
851 1154 969 1190 mannen.
994 1137 1034 1188 die
1057 1136 1155 1207 clepere
1174 1138 1239 1202 darf

141 1224 249 1290 dierunt,
272 1226 411 1277 restitutam
437 1222 473 1274 illi
500 1238 558 1276 esse
577 1222 643 1288 juris
694 1224 803 1276 attelane
825 1232 946 1293 cestonpe
969 1240 1008 1274 me
1029 1223 1082 1290 upb
1106 1240 1151 1275 ene
1173 1222 1234 1274 tlu-

141 1312 353 1375 communionem,
376 1310 406 1362 ab
425 1326 456 1361 eo
473 1309 531 1376 ipso
547 1307 644 1373 judice,
693 1312 787 1380 pass).
820 1310 904 1375 [Sacer
925 1309 988 1361 aber
1009 1311 1091 1361 ander
1114 1309 1236 1377 bontnqes

107 1418 109 1422 ·
141 1397 180 1464 qui
204 1398 276 1465 prius
302 1398 369 1449 inter
392 1395 548 1464 proscriptos
572 1394 642 1446 illum
695 1397 779 1449 baone
812 1397 929 1448 circestit
961 1397 1028 1448 aciat.
1069 1396 1110 1446 atie
1145 1394 1240 1461 bedorf

140 1482 229 1534 retulit.
696 1484 781 1547 tawicr
807 1483 917 1551 sctepcn
945 1483 1013 1534 unde
1039 1482 1082 1532 des
1110 1481 1236 1533 ricbtercs

181 1567 293 1620 Plurium
321 1568 436 1635 judicum
465 1568 643 1637 proscriptioni
695 1577 727 1620 aa
738 1569 855 1638 petbaqe.
872 1585 940 1619 owen
954 1568 1001 1619 lter
1014 1568 1074 1619 sect
1091 1583 1123 1618 aa
1141 1564 1235 1634 tlat].”

141 1653 262 1707 obnoxius
299 1652 329 1706 ab
363 1670 520 1726 unoquoque
556 1670 644 1706 eorum
792 1653 795 1659 '

140 1741 321 1793 restitutionem
338 1744 463 1810 impetret.
490 1742 580 1794 Fidem
594 1740 644 1792 de·

140 1827 214 1894 nique
238 1827 406 1880 adhibendam
429 1845 488 1883 esse
510 1829 593 1880 missis
612 1826 643 1878 ab

140 1921 257 1966 extraneo
278 1913 367 1979 judice
390 1914 469 1967 literis
493 1914 644 1981 obsignatis,

140 1999 229 2066 quibus
250 2016 279 2053 so
298 2002 482 2054 restitutionem
500 2001 644 2070 proscripto

139 2084 273 2141 indulsisse
295 2087 450 2154 profiteatur.

161 2191 282 2273 Caput
305 2192 378 2256 278.
414 2193 538 2256 Defide
557 2192 647 2256 testi-

112 2290 160 2358 bus
181 2294 331 2359 habenda.

159 2398 232 2462 Non
253 2399 370 2462 liberae
396 2406 510 2463 tantum
534 2398 650 2462 condi-⁴
752 2392 819 2463 Art.
837 2394 908 2460 120.
947 2397 1030 2473 „Vri
1056 2396 1127 2460 lade
1154 2396 1237 2460 unde

112 2499 192 2566 tionis
207 2503 346 2567 homines
362 2504 420 2567 sed
432 2504 550 2584 imperii
562 2520 645 2582 quo·
697 2499 753 2562 des
765 2501 867 2563 rictas
880 2501 1055 2564 ateastmon
1066 2501 1118 2563 die
1129 2520 1237 2571 museo

112 2619 164 2683 que
185 2607 294 2669 milites
315 2614 345 2669 et
363 2608 531 2688 principum
553 2607 645 2668 mini·
696 2605 758 2667 mol
778 2605 921 2686 thapsia
943 2604 1040 2680 [cade
1060 2605 1144 2667 artat
1161 2606 1237 2668 oin-

111 2708 205 2772 steriis
226 2709 396 2792 adscriptos
414 2710 445 2774 in
464 2728 644 2792 quacunque
698 2707 767 2770 deo.
791 2707 891 2771 durch
909 2707 969 2784 olas
990 2727 1024 2770 se
1042 2708 1128 2785 deme
1150 2708 1238 2771 ricbe

112 2815 319 2879 controversia
343 2814 381 2876 ad
403 2814 574 2878 testimonia
593 2813 644 2877 di·
697 2810 789 2874 balde
810 2811 891 2886 tad}
925 2811 1014 2875 Docb
1034 2831 1073 2874 mc
1095 2818 1158 2875 mut
1181 2812 1236 2874 des
1281 2836 1291 2848 ·

111 2917 202 2980 aenda
216 2917 418 2981 admittendos
431 2936 512 2997 esse,
529 2917 647 2981 etiamsi
698 2915 802 3003 rietes
836 2899 1034 2978 dienstmomt
1065 2914 1143 2978 aber
1176 2915 1236 2978 olco

111 3017 184 3085 inter
204 3021 319 3094 liberae
339 3022 523 3086 conditionis
544 3021 646 3085 homi·
698 3019 930 3100 sclaepenbaren
944 3020 1067 3083 orimoa
1081 3019 1160 3092 acab
1177 3039 1236 3081 cr-

111 3139 160 3188 nes
182 3144 221 3189 ea
245 3143 338 3191 causa
362 3134 480 3210 agatur,
499 3125 646 3207 exceptis
698 3124 750 3187 det
769 3123 887 3192 cloden
907 3123 989 3188 acab
1010 3123 1084 3205 ttap
1102 3124 1235 3188 weren.”

111 3225 251 3294 duntaxat
287 3231 434 3306 causis.²)
469 3231 499 3293 in
536 3229 646 3309 quibus

111 3334 211 3414 capitis
229 3333 278 3398 vel
301 3341 396 3398 status
415 3333 553 3415 quaestio
576 3351 648 3396 mo·
696 3378 700 3384 -

110 3444 228 3515 reatur3
255 3437 286 3500 in
307 3437 355 3499 his
376 3438 456 3500 enim
479 3437 644 3518 principum

110 3539 279 3604 mmstcriis
309 3541 445 3604 addictos
468 3547 562 3604 testes
584 3558 646 3602 non

113 3700 191 3712 sq-.
199 3708 312 3714 -.mm-...-

167 3807 216 3876 ’1)
242 3808 400 3865 Bavaricum
425 3808 517 3865 locum
544 3808 571 3864 in
601 3807 757 3864 sententiam
787 3805 928 3862 saxonicus
953 3803 1070 3878 scriptor
1095 3805 1237 3876 contorsit,

110 3915 158 3972 qua
176 3903 241 3959 nihil
260 3903 315 3961 dici
335 3910 443 3977 poterat
463 3903 572 3961 sutilius.
614 3903 678 3970 Quis
698 3903 769 3959 enim
789 3902 892 3958 etiamsi
915 3916 967 3958 non
991 3901 1105 3957 monitum
1126 3901 1235 3958 dubita-

110 3997 176 4054 verit
196 4015 327 4070 unquam,
347 4015 416 4072 opus
437 4014 490 4055 non
512 4016 569 4055 esse
589 4004 617 4053 ut
631 3997 768 4070 probetur
787 3996 951 4070 proscriptio
971 3996 1135 4067 adversarii,
1155 4003 1235 4068 post-

111 4105 184 4161 quam
205 4092 310 4150 delata
326 4095 353 4150 in
373 4111 402 4150 se
418 4093 623 4167 proscriptionis
638 4093 768 4149 sententia
789 4091 812 4147 is
832 4092 890 4164 ipse
911 4091 1048 4148 confessos
1068 4093 1237 4164 impetratam

111 4183 287 4259 inintegrum
307 4189 502 4245 restitutionem
521 4188 619 4244 frustra
639 4190 757 4261 probare
777 4193 888 4243 conatus
907 4185 1020 4242 fueriti.

183 4283 216 4352 2)
229 4284 341 4354 ,begam
366 4284 431 4356 „die
454 4299 553 4355 mvgon
578 4282 674 4340 dirrc
700 4282 836 4354 lingo-
859 4281 917 4337 nivt
936 4282 1037 4352 geaivg
1056 4278 1114 4338 sin'
1135 4297 1188 4337 non
1208 4288 1237 4337 ut

112 4368 316 4449 lassbergianum
337 4378 487 4454 exemplum
506 4378 589 4436 babet
607 4378 703 4452 „driar
723 4375 833 4451 dinge'l
942 4438 944 4445 ,
