2722 4898
590 316 915 395 -tao--w

204 498 340 578 Caput
370 491 440 579 176.
487 491 533 555 De
568 490 682 571 injuriis
792 486 857 549 Art.
876 485 927 548 64.
960 482 1098 559 „deuote
1122 501 1197 546 mon
1223 480 1281 544 tat

145 603 359 678 hominumque
403 594 588 660 laesionibus
634 600 684 655 aut
736 590 812 651 base
833 588 916 651 need
939 588 1026 650 siner
1048 586 1130 650 bort.
1159 585 1219 647 ber
1240 605 1281 647 aa

145 691 259 767 talione
298 693 442 764 manusve
483 697 683 777 amputatione
736 693 815 755 boba
837 711 871 755 se
893 689 1065 754 cirvcorcdt
1084 688 1144 733 -'’
1157 691 1202 762 ¹).

146 804 355 882 vindicandis,
409 809 459 863 aut
509 799 684 881 pecuniaria

146 926 245 990 poena
272 900 401 970 luendis.

789 999 840 1068 Qut
856 998 920 1056 laesi
936 996 1048 1054 membri
1064 994 1284 1051 aestimationem

738 1094 876 1166 acceperit
907 1092 1003 1148 eodem
1032 1090 1152 1147 membro
1182 1095 1284 1162 postea

736 1195 887 1243 truncatum
906 1203 959 1243 non
979 1186 1031 1242 uisi
1051 1185 1179 1241 mulctam
1197 1201 1215 1240 a
1233 1200 1284 1240 reo

738 1283 893 1337 solvendam
914 1279 1051 1351 consequi.

206 1383 327 1462 Caput
347 1378 417 1443 177.
449 1378 623 1459 {inpuberes
647 1396 686 1439 ex

148 1485 258 1547 delicto
289 1485 327 1545 de
360 1483 474 1546 damnis
509 1480 687 1559 mulctisque
733 1518 738 1527 -

148 1587 262 1666 teneri,
295 1593 346 1647 aut
373 1593 474 1666 patres
504 1585 556 1663 qui
583 1602 690 1645 sorum

147 1689 227 1753 bona
249 1688 434 1768 possideant,
459 1687 565 1766 capitis
588 1693 688 1747 tamen

148 1800 199 1854 aut
227 1790 428 1853 membrorum
458 1808 556 1871 poena
588 1789 688 1850 detin-

148 1900 277 1974 quentes
301 1891 478 1956 afficiendos
501 1910 562 1954 non
586 1909 666 1955 esse.

203 1996 337 2060 Infantes
360 2014 419 2058 nec
437 1997 498 2060 vita
520 2003 572 2056 aut
592 2013 689 2055 mern-

147 2100 210 2163 bris
238 2099 353 2181 puniri,
388 2117 445 2161 nec
473 2098 620 2161 bonorum
650 2115 690 2158 ex

149 2202 266 2266 delictis
285 2201 434 2282 jacturam
455 2202 527 2283 pati,
550 2218 608 2261 nec
631 2218 690 2280 pa-

148 2313 213 2368 tres
232 2305 407 2368 eonomine
427 2303 526 2365 teneri
533 2323 542 2378 ;
565 2301 687 2363 infantis

147 2425 223 2471 vero
251 2424 358 2468 necem
386 2406 579 2486 parentibus,
606 2411 636 2466 et
662 2404 688 2466 si

147 2517 291 2592 parentes
319 2509 498 2590 superstites
527 2526 588 2570 non
617 2505 689 2568 tue-

146 2612 218 2692 rint,
237 2613 374 2695 cognatis
392 2610 582 2674 tutoribusve
599 2611 691 2672 luen-

149 2714 216 2779 dam
237 2733 317 2780 esse.
354 2713 399 2778 cf.
416 2713 495 2777 intra
514 2721 603 2794 caput
617 2712 690 2776 257.

128 2860 136 2871 ·
207 2833 326 2916 Caput
344 2831 413 2898 178.
436 2833 482 2896 De
500 2833 689 2913 emancipato

148 2937 210 3001 filio
240 2943 356 3019 patrem
389 2953 450 2998 non
482 2937 583 2998 teneri
612 2936 690 2998 ultra
760 3015 763 3021 .

221 3057 271 3101 um
304 3038 507 3114 substantiae,
542 3055 620 3116 quae
650 3055 690 3098 ex

144 3188 146 3192 ψ
192 3128 310 3204 ibonis
336 3141 415 3221 apud
444 3158 512 3202 curn
539 3139 691 3200 remansit.
1132 3200 1134 3209 s

207 3241 254 3306 Ex
271 3243 365 3324 patris
381 3240 516 3305 defuncti
534 3242 643 3304 delicto
659 3241 690 3301 in
799 3239 866 3306 Art.
881 3241 933 3303 65.
962 3241 1032 3317 „De
1050 3260 1126 3304 sone
1144 3261 1183 3305 ne
1206 3250 1286 3306 ant-

149 3345 241 3409 tilium
265 3345 412 3408 actionem
434 3363 495 3407 non
520 3345 602 3422 dari,
634 3344 690 3405 nisi
741 3344 867 3404 mordet
884 3362 949 3406 ⁴ern
978 3345 1039 3406 den
1066 3353 1158 3408 ceter
1185 3347 1286 3411 niebt.

150 3447 199 3508 vel
221 3449 287 3535 ipse
310 3448 398 3510 vivus
425 3456 510 3528 pater
533 3447 690 3509 convictus
742 3464 826 3506 sacen
848 3446 904 3508 ber
920 3449 1020 3529 sttrst.
1043 3467 1128 3510 awos
1146 3448 1208 3511 ber
1218 3469 1287 3513 aa·

150 3546 256 3629 fuerit,
284 3550 333 3613 vei
361 3556 448 3612 actor
473 3549 550 3612 datis
573 3550 689 3628 proba·
742 3549 898 3628 pertcbtes
920 3550 975 3612 bot
995 3551 1112 3629 poted’
1124 3551 1169 3626 ²).

228 3818 259 3888 1)
284 3820 453 3893 dnticipasse
482 3823 636 3878 saxonicum
666 3823 826 3897 scriptorem
858 3823 973 3881 articulo
998 3824 1035 3880 63
1065 3839 1181 3898 poenam
1211 3843 1285 3898 per-

151 3911 255 3968 dendae
281 3931 370 3970 manus
399 3916 435 3971 ob
465 3917 598 3973 hominem
624 3918 790 3973 vulneratum
816 3918 859 3975 vei
886 3919 1052 3976 debilitatum
1082 3927 1109 3975 et
1135 3921 1204 3976 male
1229 3921 1286 3978 bue

149 4008 342 4079 transposuisse
362 4009 450 4065 locum
470 4011 503 4066 de
523 4027 659 4084 praecone
678 4012 789 4068 fustibus
815 4013 973 4085 castigando
989 4015 1045 4086 jam
1065 4030 1146 4087 supra
1167 4019 1209 4088 (p.
1226 4014 1286 4073 tte

149 4106 213 4155 uota
230 4101 255 4170 t,
268 4101 301 4169 2)
323 4118 338 4156 a
359 4119 400 4158 me
420 4110 541 4160 notatum
562 4107 720 4162 memineris.

226 4193 258 4262 2)
288 4193 383 4252 Omisit
413 4199 556 4254 saxonicus
587 4199 719 4272 scriptor,
752 4218 820 4273 quas
848 4203 882 4259 de
912 4203 1053 4274 interjecta
1083 4205 1285 4278 protestatione

150 4285 303 4362 excipiendi
323 4306 403 4348 causa
422 4291 450 4349 in
469 4294 598 4352 bavarios
619 4294 689 4351 libro
711 4294 801 4352 addita
820 4297 955 4371 leguntur.
1063 4283 1065 4287 ’
