2722 4898
572 335 841 405 ...qs--

110 514 259 585 sententias
275 513 437 571 definiendas
451 529 519 584 essa,
536 513 655 571 nullum·
707 513 821 569 auelles
840 512 886 568 die
905 528 998 570 merra
1018 512 1103 586 volpe
1122 512 1183 569 bat.
1203 511 1231 568 di

113 627 165 683 que
181 608 238 680 pati
252 608 447 681 praejudicium
461 609 507 680 qui
522 609 555 665 ab
571 608 655 665 altera
708 607 811 664 tebald
828 607 875 662 sia
899 607 982 664 artat.
1009 607 1085 663 node
1105 605 1205 663 buttes
1226 624 1231 658 ι

113 709 244 762 steterunt
263 709 351 775 parte.
709 701 788 756 beide
802 701 909 756 sunder
921 701 1026 757 waddo.
1046 700 1231 757 westeriche

708 796 758 850 des
769 797 896 851 anderen
906 797 984 852 crtel
990 794 1231 868 pesebnldenlrat

117 935 268 946 .....-...-...
290 937 320 942 ..-

111 1046 225 1104 quorum
245 1029 272 1084 in
288 1027 421 1084 communi
440 1027 578 1096 memoria,
598 1026 776 1098 quodeunque
788 1028 891 1098 justum
903 1026 1061 1104 haberetur,
1081 1027 1231 1085 recondita

110 1125 281 1193 censebatur,
301 1122 349 1178 sed
368 1139 402 1178 ne
423 1139 537 1194 unquam
557 1122 583 1177 in
604 1121 781 1177 conventibus
801 1121 836 1177 ad
856 1137 949 1176 causas
969 1120 1100 1177 liniendas
1121 1123 1231 1181 haband

111 1219 206 1292 plenus
226 1216 333 1272 deesset
347 1217 525 1288 judicantium
542 1231 677 1286 numerus,
698 1231 811 1287 quorum
831 1215 865 1271 do
881 1217 944 1286 jure
965 1214 1044 1272 dietis
1063 1215 1146 1287 plena
1168 1234 1231 1290 poss

111 1312 178 1368 tides
199 1309 407 1368 adcommodari.
441 1311 499 1366 Non
520 1309 655 1367 desierunt
676 1310 766 1381 itaque
786 1318 897 1383 praeter
915 1315 1028 1366 statutos
1043 1309 1166 1382 judices,
1187 1329 1231 1385 qur

112 1406 238 1463 scabinos
257 1405 342 1460 nostri
362 1406 479 1476 majores
499 1405 649 1475 vocabant,
673 1405 760 1460 causis
776 1404 930 1476 judicandis
950 1404 1082 1461 interesse
1103 1405 1152 1461 alii
1172 1407 1231 1465 liba

110 1499 241 1569 homines,
261 1514 373 1570 quorum
393 1498 587 1571 locupletiores
608 1505 635 1554 et
655 1499 824 1556 honestiores
845 1498 1045 1556 subscribendis
1063 1515 1159 1557 rerum
1176 1501 1231 1574 judi

111 1600 233 1650 catarum
258 1593 361 1650 notitiis
386 1594 493 1650 nomina
519 1610 566 1650 sua
592 1593 700 1649 dedisse
724 1609 802 1650 nemo
822 1594 896 1649 hisce
918 1595 944 1650 in
965 1593 1082 1666 antiquis
1103 1596 1190 1653 rebus
1209 1613 1231 1654 v·

111 1688 286 1748 mediocriter
306 1694 428 1744 versatus
455 1688 570 1759 ignorat.
611 1688 668 1744 Nec
693 1686 787 1752 desunt
813 1704 847 1744 ex
874 1689 944 1744 omni
968 1687 1058 1745 medio
1078 1705 1150 1747 aevo
1172 1692 1231 1749 testi

111 1783 200 1840 monia
214 1783 310 1854 quibus
331 1788 408 1838 extra
423 1782 615 1839 dubitationem
631 1784 748 1855 ponitur,
770 1783 982 1855 quotiescunque
998 1782 1113 1840 arduum
1127 1785 1230 1858 quidda

112 1876 292 1934 deliniendum
312 1883 488 1947 occurreret,
509 1878 677 1948 maximeque
698 1878 743 1932 ubi
764 1877 797 1933 de
818 1877 1010 1934 consuetudine
1032 1877 1124 1951 aliqua
1145 1897 1162 1937 a
1185 1897 1231 1954 qut

112 1972 213 2029 tidiano
234 1988 282 2028 usu
301 1972 451 2028 remotiore
472 1972 665 2043 ambigeretur,
685 1977 794 2043 praeter
810 1977 923 2027 statutos
939 1972 1046 2043 judices
1066 1989 1083 2029 a
1103 1975 1231 2046 magistra

112 2067 183 2123 tibus
208 2066 253 2138 qui
280 2066 337 2136 juri
367 2066 484 2121 dicundo
514 2073 659 2136 praeerant
689 2065 757 2121 alios
789 2081 896 2137 quoque
927 2066 1061 2122 adstantes
1087 2069 1231 2138 „meliora

112 2160 258 2234 prudentes
279 2166 324 2214 aut
344 2159 505 2228 discretos’,
531 2167 560 2214 ut
580 2160 755 2230 dicebantur,
782 2161 857 2216 viros
882 2160 909 2215 in
935 2161 1076 2225 consilium
1101 2162 1231 2221 advocate

114 2271 183 2312 esse.
225 2253 293 2322 Quin
314 2259 342 2308 et
361 2254 470 2323 turbae,
496 2270 565 2324 quae
586 2254 695 2325 aderat,
721 2255 832 2310 laudare
859 2255 959 2310 licebat
980 2261 1025 2310 aut
1044 2258 1231 2328 reprehendar

113 2348 297 2420 quodcunque.
312 2347 461 2417 judicatum
486 2353 532 2403 aut
562 2349 707 2404 convenire
734 2349 919 2405 consuetudini
945 2350 1067 2405 omnibus
1097 2358 1184 2409 notae
1210 2371 1231 2410 ιιι

112 2459 267 2514 repugnare
283 2441 427 2498 videretur.
464 2441 621 2514 compendii
642 2459 722 2498 eausa
737 2444 780 2498 hic
799 2443 910 2499 laudare
931 2444 994 2501 mihi
1014 2445 1098 2501 liceat
1119 2449 1231 2521 exempl

113 2553 184 2610 quae
204 2535 297 2593 effert:
324 2536 480 2616 ¹Thomas,
507 2536 555 2591 der
578 2536 700 2593 Oberhol
719 2554 751 2592 zu
771 2537 947 2608 Franklurth,
968 2553 994 2609 p.
1011 2538 1055 2595 19.
1090 2539 1132 2597 Ol.
1154 2543 1229 2605 libro

113 2648 200 2688 meum
221 2630 325 2702 system
344 2630 397 2684 und
417 2628 513 2686 Gescb.
532 2630 578 2685 des
599 2630 681 2685 frenz.
700 2631 1001 2704 Civ.-l²roc.-Rechtes,
1020 2649 1047 2705 p.
1064 2632 1132 2705 110,
1148 2635 1216 2695 113.

189 2725 261 2801 luris
287 2730 376 2781 autem
402 2724 496 2781 notitia
523 2730 663 2796 postquam
688 2726 861 2797 pauciorum,
892 2722 1060 2800 maximeque
1089 2735 1230 2787 statutoru

108 2819 230 2894 judicum
251 2836 310 2876 esse
330 2825 473 2890 coeperat,
493 2836 627 2891 quumque
649 2820 852 2891 municipiorum
870 2820 1023 2892 privilegiis
1043 2839 1231 2895 nunquamne

114 2921 270 2984 caveretur,
289 2931 322 2973 ne
339 2906 416 2969 extra
434 2914 527 2969 urbem
544 2914 617 2969 cives
634 2912 717 2984 injus
732 2919 905 2983 vocarentur,
925 2915 1146 2993 multiplicandae
1163 2921 1231 2977 subit

109 3008 310 3081 jurisdictiones
330 3013 416 3077 erant,
442 3024 492 3063 nec
518 3007 629 3077 amplius
648 3007 825 3076 sufficiebant,
850 3007 965 3088 conditis
990 3011 1068 3066 novis
1087 3013 1231 3087 municipii

110 3103 215 3174 judices
228 3102 281 3172 qui
300 3101 406 3172 plenam
422 3101 491 3170 iuris
512 3102 658 3156 communis
683 3101 805 3157 notitiam
828 3088 966 3160 haberent.
1008 3103 1131 3163 Obtinuit
1151 3107 1231 3183 itaqu

113 3214 163 3271 per
182 3194 386 3253 meridionalem
406 3195 526 3250 maxime.
534 3193 715 3266 Germaniam,
732 3196 778 3253 ubi
795 3196 1013 3252 consuetudinum
1029 3200 1119 3272 major
1134 3202 1231 3260 serien

113 3299 182 3362 erat,
202 3297 231 3347 ut
250 3290 284 3346 de
300 3291 364 3362 jure
384 3290 545 3345 haesitantes
569 3289 734 3360 singularum
750 3290 966 3361 jurisdictionum
983 3292 1089 3364 judices
1111 3303 1231 3368 caput,r

113 3387 269 3456 dicebatur,
289 3383 410 3454 adirent,
431 3385 447 3440 i.
464 3402 487 3442 e.
510 3402 524 3440 a
546 3385 686 3441 vetustiori
708 3385 820 3457 quadam
840 3385 920 3456 sede,
946 3387 1022 3456 cujus
1043 3388 1077 3444 ad
1097 3391 1231 3464 exemplu

68 3488 72 3495 “
113 3480 259 3553 singularia
286 3496 333 3535 sua
355 3481 418 3551 jura
444 3480 579 3552 descripta
604 3486 707 3549 essent,
721 3480 774 3559 ,db
792 3481 855 3552 jure
886 3487 1064 3538 controverso
1088 3500 1231 3557 responsus

113 3577 165 3632 sihi
185 3575 229 3632 edi
248 3574 424 3646 postularent.
457 3574 514 3630 Nec
534 3581 562 3629 ut
582 3591 614 3630 ea
634 3572 825 3649 ingrederetur
841 3575 884 3631 ria
901 3576 1082 3632 necessarium
1098 3585 1170 3650 erat,
1191 3596 1231 3652 par

112 3668 238 3739 utrinque
258 3683 369 3724 numero
391 3685 450 3723 esse
466 3668 573 3740 judices
593 3669 619 3724 in
640 3658 748 3743 dipem
767 3670 894 3727 abeuntes
915 3670 1037 3741 consilia,
1061 3671 1110 3729 sed
1130 3675 1231 3744 paucio

112 3763 189 3820 ribus
210 3777 331 3833 quoqne,
351 3762 396 3833 qui
416 3761 601 3835 dissentirent,
617 3754 725 3830 ¹deferri
744 3780 776 3820 ea
789 3738 822 3820 in
842 3781 873 3821 re
893 3779 945 3820 non
967 3764 1147 3822 inconsultum
1167 3767 1231 3827 vide

113 3857 207 3925 hatur;
231 3855 312 3926 idque
338 3857 423 3928 ipsum
449 3864 506 3926 est,
532 3857 603 3929 quod
629 3857 663 3913 ad
682 3858 837 3914 bavaricam
858 3859 956 3915 librum
975 3867 1120 3918 notaverat
1140 3862 1231 3933 quidm

113 3949 248 4019 interpres
268 3950 356 4021 capite
379 3950 413 4007 17
434 3951 539 4007 verbis:
569 3951 637 4021 „Die
663 3952 789 4008 schwabe
816 3959 918 4010 settent
938 3955 993 4011 wol
1014 3955 1038 4010 ir
1058 3955 1141 4012 vrteil
1161 3956 1231 4014 vnde

113 4042 141 4100 in
160 4041 250 4099 selber
270 4043 302 4099 vi
324 4045 506 4102 schwebiscer
532 4045 606 4101 erdo.
633 4047 686 4101 vnd
710 4047 816 4103 nichent
840 4049 862 4103 si
882 4050 938 4104 wol
964 4066 998 4105 an
1021 4050 1107 4106 hoher
1129 4052 1231 4123 geribte

114 4137 164 4192 dan
188 4137 295 4208 gerihte
318 4124 411 4195 minen
436 4140 460 4195 si
485 4156 587 4209 pernen.
615 4141 678 4196 vnd
704 4141 784 4197 hant
812 4142 890 4197 ioch
917 4144 960 4200 die
986 4145 1107 4201 minnere
1133 4146 1231 4218 volpe.¹

114 4229 319 4289 Consuetudinis
337 4248 404 4303 quae
424 4234 459 4290 ad
474 4234 616 4308 municipia
637 4236 819 4309 potiusquam
840 4237 874 4293 ad
890 4253 1055 4295 communem
1071 4240 1231 4311 judiciarius

114 4341 188 4384 usum
203 4325 365 4400 pertinebat,
383 4328 516 4388 rationem
529 4329 574 4387 hic
586 4330 704 4389 habitam
719 4348 777 4389 esse
796 4348 876 4411 pomo
892 4332 1043 4407 mirabitur,
1062 4335 1112 4411 qui
1128 4341 1231 4411 reputa
