2722 4898
198 562 287 628 docui
301 561 552 626 Bellomanerium
571 576 692 640 quoquc
714 559 745 622 in
763 557 952 639 exponendis
968 556 1229 622 Bellovacensium
1253 577 1333 622 con-

198 667 405 732 suetudinibus
428 665 603 727 imitandum
626 662 681 726 sibi
703 663 957 751 proposuisse1).

282 769 354 833 Eam
381 788 457 833 vero
486 767 640 829 materiem
673 766 785 847 primus
820 765 1010 829 collectionis
1046 771 1152 827 auctor
1181 764 1212 826 iu
1241 785 1333 829 unum

198 873 334 941 confudit
360 872 483 950 librum,
511 878 542 933 ut
570 870 706 950 ejusdem
734 870 821 949 quasi
850 870 965 932 tenoris
994 886 1074 931 nova
1100 867 1178 931 haec
1208 870 1333 949 scriptio

198 984 369 1062 appareret,
397 973 615 1054 praefationem
639 973 828 1055 coniugem,
857 971 993 1034 adhibitis
1017 970 1235 1034 ecclesiasticis
1258 989 1332 1034 ser-

197 1081 334 1144 monibus
357 1077 512 1140 Bertholdi
532 1076 779 1155 Ratisbonensis,
803 1076 916 1138 ordinis
940 1073 970 1138 S.
992 1074 1163 1153 Francisci,
1187 1075 1238 1154 qui
1262 1083 1333 1138 ante

199 1201 308 1247 annum
342 1200 402 1262 quo
440 1180 513 1244 obiit
545 1177 733 1243 MCCLXXll
766 1178 983 1242 celeberrimus
1016 1195 1072 1257 per
1104 1177 1333 1241 meridionalem

199 1283 391 1350 Germaniam
418 1284 617 1348 concionator
642 1283 796 1356 extiti12).

280 1387 411 1451 Auctum
440 1394 487 1449 est
513 1387 572 1450 hoc
601 1403 676 1468 opus
700 1386 808 1469 partim
831 1385 957 1468 integris
985 1384 1164 1464 quibusdam
1193 1384 1334 1468 singula-

196 1491 280 1556 ribus
302 1490 425 1569 libellis,
452 1491 559 1570 partim
583 1489 728 1572 dispersis
751 1507 852 1552 rerum
872 1488 1076 1570 judicatarum
1097 1487 1211 1551 notitiis
1234 1507 1333 1569 quae-

197 1614 257 1676 que
279 1594 311 1658 id
332 1611 430 1678 genus
453 1593 512 1655 alia
541 1601 698 1674 postquam
727 1610 916 1656 communem
945 1593 976 1654 in
1002 1588 1088 1655 usum
1111 1599 1275 1673 venerant,
1304 1593 1334 1655 in

192 1698 328 1782 iudicum
352 1697 635 1777 'advocatorumque
664 1696 842 1760 adversaria
864 1696 1029 1758 memoriae
1053 1712 1146 1759 causa
1169 1696 1333 1758 indiscrete

158 1844 164 1861 .
196 1809 259 1866 tum
277 1801 420 1883 temporis
438 1799 547 1864 referri
566 1801 713 1865 solebant.
748 1799 824 1862 Huic
845 1799 991 1883 sarragini
1015 1805 1213 1863 accesserunt
1229 1798 1334 1862 variae

156 1975 158 1980 ,
196 1905 400 1968 recentiorum
419 1905 601 1986 scriptorum
619 1904 914 1983 observatiunculae,
938 1904 1152 1966 vetustioribus
1169 1901 1254 1965 libris
1274 1904 1334 1965 ad-

197 2009 337 2089 scriptae,
360 2025 436 2086 quas
458 2016 491 2070 ut
513 2008 602 2072 novis
621 2008 851 2071 accessionibus
872 2009 992 2090 integer
1015 2013 1192 2069 servaretur
1215 2024 1334 2089 margo,

197 2110 314 2174 librarii
335 2117 536 2191 praepostero
565 2111 742 2191 plerumque
771 2111 841 2173 loco
871 2110 901 2171 in
930 2109 1102 2171 continuam
1130 2108 1199 2169 libri
1222 2110 1334 2173 seriem

195 2207 401 2293 inseruerunt,
420 2221 470 2276 aut
488 2232 547 2293 quo
564 2215 750 2293 potissimum
768 2211 879 2275 referri
899 2211 1046 2274 deberent
1060 2210 1156 2273 nescii
1176 2211 1214 2272 ad
1229 2214 1333 2293 operis

198 2316 315 2379 calcem
337 2316 521 2397 rejecerunt.

281 2418 488 2482 Posterior
514 2418 610 2481 libri
638 2435 729 2500 pars
763 2425 886 2499 praeter
919 2434 1058 2500 magnam
1092 2418 1241 2498 ejusmodi
1271 2420 1331 2482 ad-

198 2520 342 2583 ditionum
369 2520 479 2583 molem
509 2522 644 2583 continet
677 2523 807 2585 caesarii
835 2521 913 2602 juris
945 2521 1207 2600 commentarium,
1241 2524 1331 2586 tertio

195 2621 340 2706 Ansegisi
360 2623 438 2686 libro
462 2624 500 2687 de
522 2625 627 2689 llaroli
648 2626 750 2708 magni
773 2625 1037 2689 constitutionibus
1061 2625 1301 2689 accomodatum.

282 2725 420 2789 Natale
443 2727 554 2808 hujus
583 2728 835 2792 collectionis
864 2729 982 2792 solum
1005 2728 1148 2808 suspicor
1170 2727 1330 2790 Bavariam

197 2827 303 2908 fuisse,
325 2830 434 2910 partim
456 2831 537 2910 quod
561 2832 684 2911 antiqua
698 2832 907 2913 BaJuariorum
930 2833 981 2894 lex
1002 2832 1097 2913 prima
1120 2831 1223 2913 operis
1243 2832 1332 2911 quasi

197 2929 390 2996 fundamenta
413 2932 656 3013 subministravit,
681 2934 789 3015 partim
812 2935 894 3014 quod
915 2933 1115 3015 Bartholdus,
1138 2934 1188 3015 qui
1210 2934 1242 2997 in
1264 2933 1332 2998 Ba-

197 3121 400 3133 p--..—...

275 3250 306 3318 1)
327 3246 434 3319 system
455 3249 508 3306 und
528 3248 623 3309 dasch.
642 3251 689 3308 des
709 3251 793 3310 frana.
809 3252 1129 3311 civil-Processrechles.
1159 3253 1189 3311 B.
1202 3253 1225 3325 l,
1241 3271 1268 3327 p.
1284 3256 1330 3312 38.

221 3340 224 3347 '
273 3343 306 3412 2)
326 3342 494 3400 berthold
520 3344 545 3403 d.
566 3347 700 3404 Francisc.
722 3348 851 3404 deutsche
877 3349 1038 3422 Prodigten3
1066 3365 1113 3405 aus
1139 3348 1188 3405 der
1214 3349 1332 3407 aweiten

196 3435 286 3494 1111111
306 3436 353 3494 des
373 3437 418 3494 12.
438 3439 547 3511 Jahrb,
572 3441 651 3496 theiis
671 3441 851 3514 vollstindig,
871 3443 950 3518 theiis
970 3444 997 3500 in
1018 3445 1170 3515 Auszirgen.
1209 3445 1332 3502 lleraus-

197 3531 323 3600 gegeben
342 3548 396 3588 von
416 3533 461 3588 Dr.
482 3533 512 3590 Ε.
533 3535 582 3603 Fr.
603 3535 713 3608 Kling.
747 3537 794 3593 llit
813 3538 947 3595 Vcrwort
966 3554 1019 3595 von
1039 3539 1084 3595 Dr.
1106 3520 1139 3594 Α.
1161 3539 1330 3597 Neander.

68 3692 72 3697 .
196 3623 288 3680 Berlin
307 3624 390 3682 1824.
430 3626 479 3682 Die
505 3629 651 3700 Predigteu
677 3630 725 3686 des
751 3633 957 3689 Franciscaners
981 3632 1110 3689 Berthcld
1131 3634 1331 3706 1011111111-

196 3717 277 3787 burg.
309 3718 467 3776 Uebersetzt
487 3722 540 3778 und
559 3724 650 3781 vollst.
668 3726 892 3798 herausgegeben
912 3728 979 3783 nach
1000 3726 1060 3782 dem
1080 3727 1260 3801 blanuscripte
1281 3729 1332 3786 der

196 3809 388 3883 heidelberger
408 3815 475 3872 Bibl.
496 3831 549 3873 von
569 3819 596 3873 F.
619 3817 758 3876 Goebel.
798 3822 845 3878 11111
868 3822 955 3878 einem
975 3818 1124 3879 Vorworte
1144 3840 1198 3880 von
1218 3824 1332 3881 Alban

198 3902 302 3961 Stcla.
336 3905 637 3985 Schaffhauseulssbb,
655 3912 737 3971 1851.
767 3916 833 3973 2Β.
874 3917 912 3971 De
936 3916 1192 3975 Bartholdivita
1216 3925 1243 3975 et
1266 3919 1331 3975 lau-

198 3997 276 4054 dibus
296 3998 329 4056 ci.
343 4000 458 4059 Fabricii
479 4004 544 4063 bibl.
565 4006 612 4064 inl.
633 4008 678 4064 lat.
696 4009 716 4066 1.
737 4027 763 4082 p.
778 4009 843 4066 443.
879 4008 1016 4084 Grimm,
1036 4013 1098 4069 Rec.
1114 4013 1163 4069 der
1175 4013 1261 4084 Ausg.
1276 4030 1331 4071 von

197 4090 339 4177 lilinguin:
360 4095 475 4153 Wiener
494 4098 586 4158 Jahrb.
609 4100 692 4160 1825.
723 4102 751 4159 Β.
766 4103 875 4176 XXXII,
895 4105 923 4162 S.
942 4105 1006 4164 194.
1052 4106 1246 4178 Hcllmann,
1272 4109 1330 4165 alt-

198 4183 325 4242 deutsche
345 4187 454 4246 3111111.
486 4193 514 4250 B.
530 4195 563 4266 ll,
583 4194 611 4252 S.
628 4195 690 4253 160.
725 4196 999 4274 Wackernagel,
1025 4201 1069 4257 die
1089 4200 1252 4258 Verdienste
1280 4203 1330 4260 der

198 4277 354 4336 Schweizer
374 4298 421 4339 um‘
437 4285 481 4343 die
502 4288 630 4347 deutsche
649 4291 729 4349 Liber.
761 4293 838 4353 Basel
859 4293 942 4352 1833.
969 4296 996 4353 8.
1023 4295 1052 4354 S.
1068 4294 1113 4372 14,
1131 4294 1177 4354 32.
1216 4297 1330 4373 lloue,

197 4370 335 4448 Aureiger
351 4374 434 4438 1838.
462 4379 490 4440 S.
504 4381 570 4442 218.
