2722 4898
511 360 726 438 ÷45-

137 535 252 598 Loeum
274 534 407 599 bavarioi
426 534 496 597 libri
519 535 558 597 de
579 534 737 598 mobilibus
760 533 895 598 defuncti
919 536 1006 600 bonis
1030 537 1189 617 sequentia

60 639 211 719 excipiunt
234 639 347 720 eapite,
378 655 457 718 quae
480 635 523 702 ob'
542 639 741 702 dissimillima
767 656 872 701 eornm
895 648 1074 723 argumenta
1097 640 1186 704 refe-

59 742 147 804 renda
169 748 240 805 sunt
263 740 300 804 ed
322 740 519 822 interpretum
541 748 629 805 notas
650 742 727 804 male
745 743 774 804 in
793 743 966 804 continuam
986 743 1053 806 libri
1076 747 1188 808 seriem

58 843 205 927 receptas.
1099 905 1102 913 .

702 948 873 1005 Emblema
900 948 934 1004 ad
959 949 1050 1006 locum
1071 951 1116 1024 qui
1140 968 1187 1008 se-

623 1027 744 1117 quitur.
890 1032 893 1036 ’
1026 1036 1030 1041 ’

701 1139 762 1194 Art.
780 1137 823 1194 17.
855 1137 977 1196 Clerioos
997 1125 1114 1213 quidem,
1133 1157 1187 1198 nou

646 1240 734 1290 tarnem
760 1234 904 1295 monachos
934 1233 1092 1291 hereditatis
1118 1236 1189 1293 inter

646 1327 744 1383 iratres
762 1329 869 1401 partem
890 1326 997 1402 capere.

106 1416 436 1503 Caput2issddoapitis
448 1410 594 1485 severtii:
706 1422 764 1478 Art.
790 1419 833 1480 17.
869 1423 1020 1494 ‚Mambli
1045 1427 1112 1481 man
1137 1442 1190 1500 eqo

61 1520 120 1594 „tiz
132 1523 189 1586 dno
206 1520 233 1576 'si
249 1520 371 1590 sujum
388 1508 547 1574 edomeot'’.·
648 1517 717 1574 diod
735 1547 773 1557 -
792 1515 926 1593 peleqit.'’

103 1615 266 1672 idonastieae
279 1612 455 1687 professionis
466 1619 531 1670 voto
543 1628 596 1669 non

62 1711 140 1767 teneri
159 1710 324 1784 impuberes.

105 1807 246 1876 inberbes,
266 1803 288 1860 si
309 1803 483 1865 monasticum
505 1809 596 1858 votum
701 1792 886 1871 „Destemea
900 1803 992 1862 disses
1007 1803 1106 1876 diapes
1121 1803 1188 1860 taeb

63 1899 244 1974 intempestive
286 1881 438 1970 susceptam·
481 1897 597 1968 dicatur,
648 1892 763 1952 bebbe.”

64 1994 276 2067 quemadmodum
302 1995 330 2050 in
344 1993 489 2064 rrtsiusque
515 2008 596 2048 sexus

64 2092 178 2163 personis
198 2087 340 2164 probanda
361 2088 403 2143 n't.
464 2098 470 2111 ·

107 2186 214 2259 Caput
227 2185 265 2241 28
279 2183 313 2240 ad
328 2188 407 2256 eaput
421 2183 596 2255 praecedens.

108 2282 147 2338 Ob
165 2280 327 2337 monasticae
348 2277 525 2351 professionis
544 2293 596 2332 vo·
706 2276 787 2345 „Heu
812 2275 863 2331 ber
888 2293 958 2332 aver
984 2277 1045 2334 stet
1068 2277 1190 2352 deqeven

64 2381 110 2432 tum
129 2375 214 2432 iuvita
236 2390 322 2431 uxore
338 2373 461 2429 maritum
480 2389 531 2428 nee
547 2389 596 2428 re·
649 2386 703 2426 one
718 2371 794 2427 sines
812 2371 911 2429 ecbteo
926 2369 1009 2428 wider
1025 2372 1116 2428 millen
1126 2367 1190 2428 -.”

63 2470 135 2526 lineri
155 2471 182 2525 in
200 2470 363 2525 monasterio
378 2484 457 2542 posse
473 2484 524 2523 neo
534 2469 597 2538 jure

63 2563 434 2634 eommunidestitui3militari
445 2569 532 2618 tamen
543 2568 597 2617 tam
662 2610 674 2618 .

62 2658 186 2715 beneboio
202 2674 281 2731 quam
296 2657 427 2730 dignitate
439 2656 552 2730 privari.
650 2679 655 2685 ⁴
801 2653 1029 2712 -Emblemata
1091 2654 1095 2661 '
1148 2688 1151 2693 ·

698 2747 810 2804 nrtttt.
837 2744 996 2803 Homines
1011 2750 1192 2821 proximiores

645 2842 1190 2914 utriusquesexuscognatosberedesbe-

647 2939 729 3008 bere3
743 2936 937 3010 supelleetilem
951 2938 1109 2995 muliebrem
1122 2954 1191 2995 vero

646 3032 808 3106 praeripere
826 3033 1019 3105 proximiorem
1029 3040 1190 3106 -eoqnatsnn

61 3158 261 3166 ›-.--.-—.---

59 3236 112 3303 (ed.
134 3234 313 3303 Homeier)
340 3231 445 3302 adjioit:
477 3231 547 3300 „bit
571 3231 594 3286 is
621 3231 666 3287 dat
692 3237 720 3287 to
743 3246 860 3287 vrowen
882 3232 950 3289 rade
969 3225 1039 3289 bort.
1072 3233 1148 3289 Noeb
1168 3235 1190 3290 is

58 3328 272 3400 menegerbande
291 3325 409 3382 klenode
430 3324 475 3380 dat
494 3325 521 3380 im
541 3326 654 3396 gehon,
680 3326 705 3381 al
730 3342 763 3381 ne
783 3342 869 3383 nenne
889 3324 918 3380 ik
938 3327 960 3381 is
980 3327 1054 3382 rriobt
1072 3329 1189 3384 sunder·
1272 3399 1275 3403 ἢ

57 3425 144 3494 liber,
164 3423 202 3479 als
223 3423 331 3492 borste‚
352 3421 461 3488 sedere,
481 3420 621 3491 spegele.''
661 3421 716 3476 Alii
743 3421 853 3476 oodioes
874 3419 949 3476 varie
970 3421 1043 3476 baec
1067 3424 1191 3496 exempla

55 3524 202 3588 auxerunt,
228 3515 324 3572 eodem
343 3515 406 3571 loeo
424 3521 571 3587 ponentes:
602 3515 746 3586 „tienne
767 3515 929 3585 nislremme‚
950 3515 1062 3586 spillen,
1083 3517 1191 3590 uocis,

54 3631 170 3692 werre„
189 3594 274 3682 bede,
303 3609 431 3680 beolrele,
455 3602 645 3682 ribbelappe''‚
675 3626 798 3682 quaeque
828 3609 855 3665 id
885 3626 970 3680 genus
996 3609 1055 3665 elia.
1097 3612 1190 3669 Verba

53 3707 264 3765 uratislaviensis
294 3696 479 3760 membranae:
514 3704 627 3776 „aleine
658 3705 700 3760 nie
731 3707 864 3761 benuome
896 3704 939 3758 ioh
964 3704 988 3758 iz
1018 3705 1190 3762 sunderliobe

53 3799 147 3860 niebt''
168 3801 196 3858 iu
215 3801 278 3856 libri
298 3799 469 3872 scriptorem,
490 3800 597 3855 minime
613 3817 680 3855 vero
702 3801 727 3854 in
744 3799 849 3869 judiees
870 3804 1060 3870 senatoresque
1077 3800 1110 3855 de
1127 3802 1189 3870 jure

53 3895 249 3971 respondentes
267 3895 414 3956 convenire
434 3895 491 3967 ipse
508 3893 564 3966 jani
585 3894 674 3949 editor
694 3894 798 3949 notavit
819 3892 952 3965 (Gaupp
975 3894 992 3948 l.
1008 3895 1051 3949 eit.
1069 3913 1093 3967 p.
1109 3896 1189 3964 242).

53 3993 137 4048 Teuta
158 3991 267 4062 insuper
288 3990 358 4045 inter
380 3988 611 4045 uratislaviensem
632 3989 748 4044 tabulam
769 3994 796 4044 et
818 3990 863 4059 jus
891 3988 1051 4060 erunioipale
1077 3991 1189 4045 saxoni-

52 4103 113 4141 oum
134 4088 203 4153 (ert.
216 4084 432 4153 xxti-xxvi)
460 4084 486 4139 in
513 4084 584 4138 omui
609 4084 661 4138 bau
681 4090 758 4156 perte
784 4099 873 4138 rerum
894 4080 1046 4139 differentia
1066 4092 1191 4156 apparet,

51 4187 82 4236 ut
101 4179 329 4236 Uratislavienses
349 4181 386 4236 ob
413 4178 683 4247 magdeburgensium
709 4178 930 4233 consuetudinum
955 4177 1134 4248 diversitates-1
1146 4178 1192 4248 jus

52 4274 212 4332 suouieum
238 4289 377 4331 sommum
403 4287 456 4330 uon
481 4272 631 4329 inconsulte
658 4272 685 4328 iu
711 4270 855 4332 subsidium
881 4273 933 4329 boo
953 4272 1016 4333 loeo
1038 4271 1189 4330 adhibuisse

53 4368 116 4428 veri
136 4368 299 4426 simillimum
319 4369 360 4428 sit.
