2722 4898
521 338 733 406 ..27-

55 534 181 598 quoque
205 513 447 580 constituendum
470 532 551 592 esse,
576 530 665 594 quam
688 514 727 578 ad
750 533 814 577 rem
836 512 976 578 nonnisi
999 515 1099 578 obiter
1121 521 1191 580 mo-'

54 628 144 683 netur
172 621 205 682 in
230 621 282 702 Jus
309 620 489 684 vocationes
523 619 559 681 ab
591 636 628 681 eo
656 618 723 680 fieri
757 626 808 682 aut
836 620 1035 682 communiter
1065 620 1103 683 ad
1133 621 1191 683 tria

56 725 216 806 generalia
243 724 405 804 quotannis
433 722 543 804 placita
567 722 766 801 celebranda,
798 729 849 785 aut
871 731 943 804 post
965 724 1090 786 alteram
1113 742 1191 787 sex·
1298 756 1305 778 ι

57 833 156 891 tamve
185 827 406 890 hebdomadam
436 827 473 889 ad
503 843 613 889 causas
648 826 805 889 liniendas.
856 825 1025 890 Saronicus
1060 828 1193 908 scriptor

57 930 129 995 licet
159 949 199 995 en
215 968 219 973 -
234 930 512 994 ecclesiasticarum
547 930 736 1012 synodorum
765 928 957 994 similitudine
985 931 1035 992 hic
1068 931 1192 993 nonnisi

60 1034 93 1096 de
115 1026 314 1118 generalibus
342 1034 462 1114 placitis
489 1034 544 1097 sibi
575 1035 724 1117 agendum
754 1032 877 1114 fuisset,
906 1035 988 1114 quod
1015 1030 1080 1114 ipse
1108 1035 1190 1098 indi-

61 1139 136 1201 cauit
158 1138 262 1201 verbis
284 1137 436 1216 „eundern
459 1137 492 1199 in
520 1139 641 1201 modurn
665 1138 812 1201 laicorum
831 1136 946 1218 judicia
970 1137 1190 1218 frequentanda

62 1248 126 1305 suut
159 1245 219 1316 (ao
247 1241 386 1320 pellebar
413 1242 473 1304 ets
500 1241 603 1304 sollers
628 1242 675 1303 sie
703 1240 829 1303 werttct
857 1242 996 1321 pericbte
1025 1242 1190 1317 cncbenl’',

61 1352 157 1407 tamen
179 1345 357 1407 bavarioum
378 1345 485 1407 librum
506 1328 643 1407 =imitatus
671 1345 748 1406 male
771 1344 923 1407 hocloco
948 1345 1069 1409 diversa
1091 1345 1122 1407 in
1141 1346 1190 1425 jus

62 1448 250 1511 vocationum
271 1454 409 1529 tempora
431 1448 603 1533 distinguit,
632 1466 760 1528 quorum
785 1448 958 1513 observatio
981 1447 1101 1537 nonnisi
1117 1449 1191 1529 pla·

64 1552 115 1614 cita
139 1551 349 1615 adliciendas
372 1569 482 1614 causas
505 1555 677 1634 spectat1).

142 1655 308 1718 Praeterea
329 1655 512 1719 monendum
534 1664 582 1719 est
603 1674 710 1718 errare
729 1656 906 1721 saxonicum
925 1655 1117 1736 scriptorem,
1138 1655 1192 1718 di-

64 1776 149 1822 versa
162 1759 255 1841 injus
270 1760 461 1828 vocationum
475 1767 613 1840 tempera
631 1759 670 1822 ad
688 1758 747 1821 lori
762 1776 1026 1840 personarumque
1042 1759 1191 1823 differen-

63 1863 128 1926 tiam
150 1862 241 1926 unice
259 1863 409 1942 referens,
433 1881 524 1944 quum
547 1864 577 1925 in
598 1863 740 1926 comitum
755 1880 877 1942 quoque
891 1862 1014 1943 judiciis
1033 1863 1191 1925 dilationes

63 1967 107 2029 rel
128 1967 359 2048 quatuordecim
384 1968 433 2031 vel
455 1967 656 2051 quadraginta
686 1965 804 2028 dierum
824 1984 881 2047 pro
905 1983 1064 2030 causarum
1086 1966 1193 2030 diver-

63 2070 145 2134 sitate
167 2072 198 2133 in
217 2072 268 2152 jus
283 2073 411 2150 vocatis,
434 2071 522 2133 etiarn
542 2071 593 2150 qui
609 2070 761 2150 equestris
777 2068 893 2132 ordinis
915 2088 977 2133 non
999 2077 1097 2150 erant,
1121 2070 1190 2132 olim

63 2175 317 2239 concedebantur.

142 2277 191 2341 Ad
213 2278 296 2362 legis·
313 2277 523 2359 Bajuariorum
546 2277 656 2356 rerba,
686 2277 796 2358 quibus
818 2294 922 2340 comes
939 2277 1065 2360 jubetur
1088 2295 1192 2341 seeum

58 2378 169 2445 babere
192 2380 327 2463 judicem
352 2371 425 2463 post
452 2382 615 2463 praeconis
649 2381 833 2444 mentionem
861 2382 893 2443 in
915 2381 995 2462 juris
1024 2382 1191 2445 communis

58 2484 134 2549 libro
158 2485 319 2548 disseritur
344 2485 382 2549 de
405 2485 620 2565 jurisdictione
648 2493 819 2548 castrorum
848 2486 1006 2548 comitibus
1030 2502 1192 2565 concessa,

59 2607 143 2669 quae
157 2589 252 2653 multo
280 2589 403 2671 majoris
432 2589 503 2655 olim
531 2589 672 2652 momenti
694 2607 786 2669 quam
812 2590 937 2653 saeculo
957 2588 1078 2653 decimo
1100 2589 1191 2651 tertio
1310 2649 1315 2658 ,

59 2690 164 2756 luerat.
199 2693 261 2789 lpsi
282 2694 364 2755 euim
379 2693 507 2756 comites
525 2711 566 2754 ex
583 2693 773 2776 carolingica
795 2693 912 2773 imperii
929 2691 1027 2755 forma
1041 2693 1192 2755 delectum
1296 2694 1302 2705 ‘

58 2794 163 2860 lacere
184 2803 217 2860 et
238 2797 326 2877 sequi
348 2796 518 2860 exercitum
541 2797 694 2875 solebant,
713 2796 906 2877 judiciariam
928 2802 1108 2876 potestatem
1132 2795 1191 2857 de-

57 2898 198 2984 legantes
220 2907 392 2963 castrorum
414 2899 605 2979 custodibus,
636 2901 686 2980 qui
708 2899 920 2963 vicecomitum
947 2898 1019 2962 loco
1046 2899 1137 2980 positi
1159 2897 1191 2960 in

58 3004 242 3067 criminosos
257 3003 395 3068 homines
417 3004 706 3068 animadvertebant.
743 3003 902 3067 Translata
921 3011 1020 3067 autern
1035 3002 1193 3083 plerisque

56 3107 87 3170 iu
108 3107 281 3170 civitatibus
305 3106 342 3170 ad
369 3108 531 3188 episcopos
559 3109 701 3171 comitum
732 3109 913 3172 auctoritate
941 3107 1041 3191 gladii
1054 3113 1192 3188 potestas

56 3211 286 3292 episcopabuum
308 3210 522 3276 defensoribus
544 3212 794 3291 committebatur,
817 3212 869 3292 qui
891 3229 931 3274 ex
952 3212 1040 3294 regia
1062 3210 1192 3292 delega-

57 3314 139 3377 tione
169 3321 221 3378 aut
247 3315 306 3395 ipsi
335 3315 455 3398 judicio
486 3316 702 3397 praesidebant
735 3323 785 3378 aut
817 3315 967 3393 leviores,
1001 3314 1192 3391 maximeque

58 3417 165 3481 civiles
194 3435 305 3482 causas
334 3420 471 3503 agendas
496 3419 685 3499 „scultetis”
708 3420 728 3481 i.
750 3437 778 3484 e
803 3419 926 3482 vicariis
954 3417 1015 3480 suis
1039 3416 1191 3497 judicibus

56 3521 249 3585 mandabant.
293 3523 366 3587 Inde
395 3523 537 3587 ellectum
565 3531 612 3588 est
638 3531 671 3586 ut
700 3530 869 3591 castrorum
892 3521 1050 3585 comitibus
1073 3520 1191 3583 nonnisi

56 3625 140 3689 urbis
164 3624 359 3706 praefectura
381 3646 423 3691 ex
445 3629 660 3709 episcoporum
683 3628 863 3711 auctoritate
886 3623 1138 3703 administranda,
1161 3630 1192 3686 et

55 3729 157 3793 minor
172 3730 321 3810 quaedam
334 3730 520 3813 jurisdictio,
542 3730 580 3794 de
601 3730 695 3794 rebus
710 3722 890 3810 praesertim
905 3727 1072 3807 venalibus,
1094 3728 1193 3790 relin-

56 3839 216 3912 queretur.

144 3935 316 4000 Saronicus
338 3938 480 4019 scriptor,
507 3937 545 4000 de
566 3939 634 4020 jure
656 3934 768 4001 tanturn
791 3940 982 4018 quodextra
1004 3938 1140 4003 civitates
1162 3935 1193 3998 in

54 4057 116 4104 usu
139 4047 207 4102 erat
227 4041 376 4121 scribens,
400 4058 439 4105 ex
461 4042 591 4104 nominis
614 4058 690 4105 sono
709 4050 880 4105 castrorum
899 4042 1057 4107 comitibus
1076 4041 1192 4120 („bur-

54 4189 264 4196 ——.-----——--

138 4262 169 4332 1)
189 4263 283 4321 Verba
303 4265 424 4322 saxonici
443 4265 519 4322 libri:
541 4266 634 4337 „leget
650 4282 716 4322 aver
731 4266 796 4336 ding
812 4281 842 4320 ns
858 4283 944 4321 emme
965 4264 1125 4336 ungericbte
1137 4262 1192 4303 -'⁹

52 4358 188 4420 translata
208 4366 268 4418 sunt
289 4377 323 4420 cx
339 4361 409 4435 juris
430 4361 598 4435 municipalis
620 4361 740 4420 saxonici
762 4360 877 4418 articulo
897 4360 976 4419 XLV.
