2722 4898
572 372 784 439 „38-

172 1288 277 1358 Caput
289 1286 332 1341 15.
351 1285 395 1340 Ad
406 1285 501 1358 capitis
510 1285 544 1338 12
556 1286 651 1340 uerba:

110 1399 165 1452 „er
179 1399 244 1437 mac
260 1381 312 1436 oelu
331 1380 380 1434 mit
399 1387 481 1435 catat
502 1379 652 1434 erwerden.

113 1477 167 1531 dea
187 1494 220 1531 er
240 1475 340 1531 boeser
360 1473 441 1529 reelut
459 1468 627 1545 petrinaet”.·

169 1571 210 1627 De,
229 1569 315 1624 causis
336 1570 371 1647 oh
392 1584 457 1639 quus
478 1569 550 1637 juste
573 1567 652 1620 liberi

110 1670 270 1735 parentesve
287 1662 437 1719 exheredes
458 1661 530 1730 fiant,
551 1677 650 1714 seeun-

111 1757 172 1811 dum
182 1757 325 1812 iustiniani
336 1756 508 1828 imperatoris
521 1754 652 1811 novellam

111 1850 330 1906 constitutionem
345 1850 408 1905 115.

702 545 894 601 descendentes
910 544 984 600 nullo
997 560 1078 600 sexus
1095 544 1169 601 lueto
1186 543 1243 601 dis-

702 640 812 695 crimine
831 656 865 694 ex
886 639 1122 710 consanguinitatis
1143 639 1243 711 proxi-

702 736 792 813 mitate
810 735 836 789 in
855 751 953 806 aequas
974 741 1064 806 partes
1085 733 1243 788 succedere.

759 830 785 884 3.
807 829 925 901 Nepotes
938 829 1072 901 praeferri
1088 828 1244 900 parentibus

700 931 726 978 et
745 941 759 978 a
778 916 863 978 lutere
886 923 1052 978 venientibus
1072 923 1205 993 cognatis.

757 1019 783 1072 4,
807 1018 928 1073 Heredes
947 1035 999 1074 non
1020 1018 1123 1073 admitti
1143 1018 1190 1088 qui
1210 1035 1244 1071 ex

700 1114 832 1179 natalium,
849 1113 1003 1168 conditione
1025 1113 1151 1167 defuncto
1173 1112 1213 1166 inl
1228 1143 1244 1153 -

702 1209 788 1261 riores
809 1208 868 1261 sint.

170 1944 330 2016 Capntlli.
349 1942 540 2015 Adcapitis13
553 1945 649 2022 verba:
706 2005 709 2009 ⁴
752 1904 764 1925 ι’

110 2039 189 2107 ‚mad
202 2038 363 2093 certamnen
379 2038 446 2093 liele
459 2056 486 2093 o.
498 2056 521 2093 s.
533 2033 597 2092 w.”.·

168 2131 339 2203 Proscriptos
360 2149 375 2187 a
395 2138 544 2186 castrorum
562 2130 652 2185 domi-

112 2224 153 2280 nis
174 2240 227 2279 non
246 2225 376 2280 fovendos
396 2242 462 2280 esse.

169 2318 275 2389 Caput
287 2319 331 2374 17.
346 2319 389 2374 Ad
401 2319 497 2391 capitis
509 2319 541 2374 12
552 2319 650 2373 uerba:
725 2297 739 2312 Α

68 2417 72 2423 ’
111 2404 249 2477 „Nteman
259 2431 323 2468 mee
335 2413 373 2468 im
386 2413 479 2468 selber
489 2415 580 2468 ander
590 2412 652 2467 relut

10 2569 18 2577 ,
111 2499 261 2557 merbate·
281 2509 375 2564 denae
393 2507 436 2562 uls
456 2508 486 2562 in
505 2506 651 2580 unpeborn

110 2589 181 2650 a'st”:
506 2619 507 2622 ¹

170 2687 272 2743 Suevos
298 2687 367 2742 intra
392 2694 504 2759 patrium
535 2695 650 2749 invicem

110 2797 164 2838 non
184 2781 233 2836 nisi
253 2797 349 2836 suevos
366 2781 472 2850 judices
496 2786 561 2852 patr.
594 2789 649 2844 Ur.

111 2881 192 2945 gente
230 2876 332 2929 minore
361 2874 539 2943 judicantium
575 2884 652 2945 parte
709 2866 712 2871 ¹
738 2950 741 2955 ⁴

111 2984 216 3023 causam
239 2968 272 3022 ud
298 2968 455 3040 superiores
477 2967 600 3036 jndices,
627 2974 654 3020 ut

110 3077 160 3131 per
184 3076 231 3116 eos
251 3060 367 3130 liniatur,
389 3061 562 3118 deferendam
586 3079 653 3116 esse.
700 3085 707 3111 ι

111 3153 232 3209 Saxones
259 3153 354 3208 eodem
383 3171 436 3225 quo
463 3155 567 3210 Suevos
588 3156 651 3225 jure

110 3246 164 3317 uti,
185 3240 374 3319 praeterquam
400 3248 426 3302 in
449 3250 585 3332 sententiis
605 3250 653 3303 sub

111 3356 223 3397 examen
247 3341 409 3398 revocandis
436 3347 463 3396 et
488 3341 514 3395 in
540 3338 653 3397 heredi-

110 3434 185 3488 tariis
206 3436 300 3491 causis.

112 4093 315 4102 ———-..-

865 3440 1082 3501 Emblemnta.

759 3535 817 3590 Art.
839 3534 865 3590 8.
900 3536 976 3605 „Die
1000 3539 1080 3608 secas
1099 3557 1135 3596 ne
1161 3549 1245 3604 mccli

701 3628 773 3683 ouelt
793 3646 849 3684 eon
868 3630 921 3698 uois
935 3630 1036 3696 Inuident
1055 3633 1158 3690 nielson
1178 3654 1248 3693 eree

699 3738 797 3778 nemen
813 3718 876 3779 —.'’

664 3833 668 3836 ·
719 3802 736 3810 ⁴⁵
755 3816 815 3871 Art.
830 3815 859 3881 9.
890 3817 984 3888 „Quae
1000 3810 1063 3891 jura
1084 3812 1245 3894 indignante

699 3908 800 3964 llurolo
830 3927 928 3982 magno
958 3914 1081 3972 Saxones
1111 3918 1244 3976 obtinue-

699 3999 770 4056 rint*
783 4007 817 4072 ¹).

188 4141 219 4211 l)
244 4144 329 4250 locos
355 4145 424 4201 inter
451 4149 578 4208 articulos
604 4155 781 4225 reprobratos
807 4165 911 4214 notatus
938 4169 964 4216 et
990 4163 1098 4236 ineptiis
1125 4176 1243 4242 scatens,

109 4251 174 4308 quus
194 4252 325 4295 curiosius
344 4246 433 4297 tamen
453 4244 606 4315 expendere
626 4248 670 4302 hie
690 4252 870 4323 supersedeo,
896 4255 1025 4326 siquidem
1046 4277 1105 4316 eam
1127 4262 1162 4318 ud
1182 4282 1242 4321 rem

109 4328 230 4390 uberiori
247 4336 470 4396 commentatione
486 4353 553 4412 opus
573 4347 652 4414 esset,
672 4359 750 4416 quam
768 4345 804 4404 ad
823 4347 895 4406 aliud
915 4355 1019 4426 tempus
1039 4355 1103 4415 uuiti
1124 4373 1241 4433 sepono.
