2722 4898
581 335 796 401 ..Η-

117 512 163 575 dis
188 511 600 589 adbibereconsuevissent.
641 510 703 573 Cur
725 517 824 573 tamen
849 511 935 574 aliter
958 531 996 576 ea
1017 514 1048 575 in
1068 530 1102 574 re
1126 512 1252 576 sentiam

115 616 213 696 prima
236 613 307 676 mibi
330 632 423 679 causa
445 623 509 694 est,
532 615 614 695 quod
636 632 783 694 nusquam
805 614 836 676 in
854 613 933 694 juris
955 615 1144 696 municipalis
1165 616 1253 694 libro,

115 737 175 780 nec
199 718 230 779 in
253 719 327 798 ipsis
349 718 407 780 illis
430 719 516 797 locis,
544 719 573 780 iu
596 719 703 798 quibus
722 719 801 798 juris
824 720 990 782 communis
1013 719 1100 802 origo
1124 719 1254 781 traditur

114 821 259 884 saxonici
281 821 395 902 speculi
417 822 478 883 ulla
500 823 619 885 omnino
643 824 754 885 mentio
778 823 913 885 occurrit
920 844 928 900 ;
953 841 1021 884 nam
1042 822 1080 885 de
1098 823 1170 903 jure
1192 841 1254 886 non

114 925 232 1007 scripto
261 924 456 1007 intelligenda
484 931 568 1004 sunt,
598 944 676 1006 quae
705 927 815 1006 passim
843 925 881 988 de
909 924 1084 988 differentiis
1106 925 1185 987 inter
1202 925 1253 1005 jus

114 1027 298 1109 municipale
321 1034 351 1090 et
369 1028 420 1108 jus
443 1036 545 1097 terrae
569 1047 726 1092 commune
750 1035 903 1092 notantur.
942 1029 1060 1091 Deinde
1082 1029 1150 1091 loca
1174 1046 1252 1108 quae

113 1137 246 1210 uterque
275 1131 367 1210 liber,
396 1138 456 1192 tam
480 1131 530 1212 jus
560 1133 739 1213 municipale
763 1151 852 1213 quam
880 1133 1034 1213 speculum
1064 1131 1253 1210 saxonicum,

113 1252 245 1314 prorsus
268 1234 374 1296 similia
397 1233 496 1314 ollert,
520 1236 673 1298 abundare
696 1235 766 1297 mibi
782 1237 959 1299 viderentur
981 1237 1011 1297 in
1034 1235 1095 1314 illo,
1118 1235 1143 1297 si
1166 1234 1253 1315 hujus

114 1343 232 1398 tantum
260 1339 418 1418 supplendi
447 1356 540 1401 causa
563 1339 748 1420 compositus
775 1347 871 1418 esset;
902 1341 927 1401 si
955 1347 1054 1402 autem
1084 1337 1253 1419 compendii

115 1458 212 1503 causa
243 1441 294 1521 jus
328 1442 506 1523 municipale
540 1449 572 1504 et
601 1443 652 1524 jus
687 1444 866 1506 saxonicum
900 1460 1057 1510 commune
1085 1444 1116 1505 in
1143 1459 1253 1504 novum

115 1543 308 1605 eonfmdere
341 1543 449 1606 librum
483 1546 614 1626 scriptor
646 1547 793 1609 voluisset
825 1546 922 1613 multo,
952 1547 1038 1627 plura
1072 1545 1181 1627 opinor
1213 1562 1254 1606 ex

114 1647 268 1710 saxonico
292 1648 417 1729 speculo
439 1649 606 1730 repetenda
629 1647 766 1728 finissent,
793 1668 872 1729 quae
896 1667 951 1713 cur
972 1649 1100 1730 injuris
1123 1648 1253 1711 munici-

113 1749 191 1830 palis
214 1750 294 1812 libro
318 1751 531 1815 desiderentur
559 1770 653 1815 causa
670 1753 805 1820 ,omnino
831 1753 910 1816 nulla
934 1761 1106 1834 appareret.
1150 1751 1251 1814 'lertio

115 1860 217 1916 autem
245 1853 315 1930 loco
347 1872 425 1934 quae
454 1855 532 1936 juris
567 1857 734 1920 communis
766 1856 835 1918 libri
870 1858 1055 1939 argumentis
1089 1854 1252 1919 saxonicus

115 1959 249 2039 scriptor
267 1958 378 2039 passim
400 1959 527 2021 inseruit
549 1979 586 2022 ea
609 1966 722 2023 tantum
745 1979 807 2023 non
831 1961 931 2022 omnia
949 1960 1056 2023 iisdem
1074 1960 1251 2041 plerunque

114 2061 220 2123 verbis
243 2061 274 2123 in
292 2061 369 2141 juris
392 2061 578 2143 municipalis
596 2063 672 2126 libro
692 2063 746 2127 sed
765 2064 904 2145 dispersa
921 2064 1054 2145 reperio,
1076 2062 1156 2126 unde
1177 2079 1251 2143 spe-

115 2165 178 2226 culi
196 2164 336 2228 saxonici
353 2172 470 2245 auctor,
493 2167 544 2246 qui
556 2166 634 2247 juris
652 2168 819 2230 communis
836 2167 906 2231 libri
922 2167 1058 2230 ordinem
1078 2173 1253 2230 constanter

115 2268 269 2347 sequitur,
298 2269 487 2349 municipalis
511 2269 591 2350 juris
617 2269 739 2349 librum,
770 2278 802 2334 ut
831 2272 908 2350 dixi,
931 2289 992 2334 non
1020 2272 1078 2334 nisi
1100 2272 1131 2333 in
1154 2287 1252 2334 novae

115 2371 291 2453 scriptionis
314 2389 386 2435 suae
410 2372 646 2454 supplementum
670 2373 842 2438 adhibuisse
866 2375 1039 2438 censendus
1061 2381 1117 2438 est.

639 2537 730 2614 IV·

203 2680 376 2747 continuati
402 2685 542 2748 saxonici
563 2685 631 2747 libri
653 2693 812 2748 auctorem
836 2686 884 2747 alii
906 2691 1149 2766 supervenerunt
1171 2684 1254 2748 scri-

116 2792 221 2866 ptores
252 2789 303 2866 qui
330 2788 398 2851 libri
425 2789 583 2850 materiem
612 2795 663 2851 aut
684 2788 821 2852 locorum
851 2788 1113 2851 commoditatibus
1137 2805 1254 2851 consu-

116 2887 214 2952 lentes
250 2897 309 2962 aut,
330 2890 472 2954 fortuitae
504 2891 646 2954 lectionis
680 2893 836 2955 manubias
870 2899 986 2954 temere
1020 2897 1254 2970 coacervantes,

116 3008 197 3055 nova
222 2994 377 3057 veteribus
405 2995 560 3057 miscendo
583 2996 668 3059 varie
698 3004 850 3059 auxerunt
877 2996 976 3060 donec
1001 2996 1153 3079 indigesta
1176 2993 1255 3056 baec

116 3095 213 3157 moles
237 3096 403 3159 accedente
428 3098 505 3178 juris
534 3100 651 3160 romani
679 3117 736 3161 usu
760 3100 935 3162 articulatim
958 3100 1074 3163 intres
1098 3099 1254 3181 dispertita

116 3196 212 3261 libros
228 3198 463 3264 Bononiensium
479 3201 648 3264 admoram
664 3210 786 3266 servato
803 3202 939 3283 ejusdem
955 3204 1129 3286 scriptionis
1147 3210 1254 3264 tenore

117 3303 267 3382 separatis
283 3303 425 3366 illustrari
442 3305 684 3369 adnotationibus
703 3307 812 3387 coepit.
845 3305 887 3368 Ea
903 3325 977 3370 vero
996 3307 1159 3386 patriarum
1176 3322 1255 3366 con-

117 3404 308 3468 suetudinum
332 3409 489 3489 suppellex
511 3426 585 3489 prae
608 3410 830 3472 recentioribus
849 3410 1035 3489 aemulisque
1057 3408 1162 3481 similis
1178 3425 1255 3488 pro-

116 3509 207 3588 positi
240 3509 325 3572 libris
352 3520 421 3592 post
454 3520 611 3592 receptum
640 3531 695 3593 per
727 3531 816 3575 omne
849 3514 1007 3594 imperium
1030 3512 1108 3592 juris
1137 3514 1255 3574 romani

116 3628 204 3674 usum
227 3612 401 3693 ubicunque
419 3634 512 3678 causa
531 3634 571 3678 ex
589 3617 752 3698 peregrino
766 3616 837 3697 jure
853 3615 969 3679 deliniri
987 3615 1145 3679 commode
1162 3633 1254 3696 posse

117 3732 179 3777 non
202 3714 359 3780 videretur
380 3737 436 3800 per
460 3737 579 3782 omnem
608 3719 878 3800 septentrionalem
902 3717 1094 3782 Germaniam
1113 3719 1191 3800 juris
1214 3737 1255 3781 ex

117 3819 251 3881 moribus
285 3820 447 3883 introducti
480 3823 690 3885 auctoritatem
718 3823 757 3886 ad
783 3832 916 3887 nostram
949 3812 1047 3902 usque
1080 3821 1255 3885 memoriam

118 3920 251 3985 obtinuit.
298 3923 409 3989 Contra
433 3926 511 4007 juris
535 3925 703 3989 communis
727 3924 776 3990 dle
806 3927 899 4006 liber,
927 3925 1028 3988 varias
1057 3944 1112 4006 per
1141 3925 1256 4005 aliquot

118 4031 233 4106 tempus
257 4026 378 4109 indutus
401 4027 515 4092 formas
538 4048 596 4091 nec
619 4029 655 4092 ad
681 4037 795 4093 certam
822 4029 993 4110 scriptionis
1016 4047 1152 4093 normam
1176 4045 1255 4090 con-

118 4125 263 4193 formatus
292 4131 323 4193 in
351 4133 418 4213 ipso
442 4134 507 4214 ejus
530 4135 621 4196 natali
644 4134 709 4198 solo
734 4140 849 4196 mature
873 4134 904 4195 in
926 4134 1111 4197 oblivionem
1135 4130 1255 4210 cecidit,

118 4234 240 4314 proprio
256 4234 465 4323 Bworum
483 4237 553 4318 jure
578 4245 745 4319 temporum
767 4237 1000 4301 necessitatibus
1024 4235 1255 4300 convenientius

119 4335 214 4402 literis
237 4340 395 4418 mandat03
424 4358 558 4423 moxque
586 4361 654 4407 cum
676 4350 799 4425 praeter
821 4342 939 4406 romani
961 4347 991 4405 et
1013 4339 1159 4422 pontificii
1175 4337 1255 4422 juris
