2722 4898
519 330 753 397 -199-

93 500 164 580 verit,
192 519 261 565 cum
291 498 433 565 defuncto
462 502 501 566 de
528 503 609 567 illata

91 603 179 684 injuria
202 604 260 667 sibi
281 611 465 669 transactum
484 609 610 682 esse1).
737 679 739 683 ¹

133 704 247 788 Caput
262 708 334 772 291.
360 710 463 772 initam
480 709 609 772 alibero
718 711 784 775 Art.
807 711 878 778 127.
917 715 1030 791 „Sacer
1052 719 1127 782 aecb
1151 721 1204 783 ori

89 808 189 891 bomine
218 812 359 892 mancipii
386 831 509 877 causam
532 832 608 895 prc—
661 823 756 895 sepet.
782 817 848 878 und
869 837 924 880 ene
946 821 1039 899 sapit.
1065 821 1126 885 dun
1145 822 1203 884 ber

89 911 137 974 bari
152 931 212 976 non
230 932 334 995 posse,
357 917 416 978 nisi
434 935 485 979 res
505 935 608 980 coram
660 920 712 980 sin
741 919 839 998 eipen.
868 940 904 983 so
934 924 993 986 dou
1022 924 1089 985 ber.
1104 926 1200 1005 sopit.

86 1014 169 1093 judice
191 1024 280 1100 gesta
302 1017 401 1082 fuerit.
662 1022 722 1084 dun
737 1022 793 1084 ber
803 1024 871 1085 stcb
882 1045 948 1105 prae
962 1026 1098 1105 pepeben
1110 1026 1200 1091 bobe.

660 1124 716 1187 des
739 1133 803 1187 mut
824 1128 893 1189 ione
913 1129 975 1190 not
994 1130 1200 1211 unocbutdicb

658 1229 795 1294 werden.
818 1232 849 1293 iu
870 1252 910 1295 ne
931 1233 961 1294 si
982 1251 1040 1296 cor
1060 1234 1199 1313 parietate

657 1333 818 1411 peecbin.”

131 1429 234 1501 Caput
254 1427 319 1484 292.
350 1430 483 1502 biancipio
498 1448 526 1486 se
544 1432 608 1487 dare

87 1522 170 1579 volenti
190 1523 339 1580 contradici
360 1541 440 1597 posse
460 1527 607 1600 apropin-

87 1617 129 1687 quis
155 1625 207 1675 mm
237 1619 359 1690 cognatis
385 1637 463 1692 quom
493 1623 605 1691 agnatis.

87 1709 158 1768 Seme!
177 1719 266 1771 autem
285 1715 469 1786 interpositam
490 1717 607 1789 propin-

87 1820 179 1875 quorum
216 1810 440 1882 protestationem
477 1811 608 1885 impedire

86 1915 125 1957 uon
138 1904 213 1960 modo
231 1921 300 1974 eam,
320 1920 389 1975 quae
409 1904 606 1976 intendebatur,

85 1995 121 2051 sed
137 2015 238 2055 omnem
262 1999 369 2056 omnino
394 1999 555 2056 deditionem
579 1999 605 2055 in

86 2103 172 2149 causam
193 2094 320 2151 servilem
332 2099 370 2165 ¹).

128 2196 241 2280 Caput
263 2198 337 2263 293.
372 2198 519 2262 Servilem
539 2198 605 2262 ori·
711 2197 862 2280 „Spricbt
881 2198 937 2261 ber
954 2201 1040 2264 uber.
1064 2201 1125 2265 dun
1142 2201 1198 2266 ber

83 2295 165 2375 ginon
185 2301 334 2365 adversus
353 2321 422 2365 eum
441 2303 491 2381 qui
510 2303 605 2364 liber·
658 2304 709 2365 sin
730 2304 863 2365 inboren
886 2305 974 2383 etpen
996 2307 1035 2367 εί.
1058 2306 1115 2369 ber
1134 2314 1198 2370 mut

81 2400 155 2466 tatem
183 2424 269 2468 suam
296 2404 439 2468 defendat
467 2405 605 2486 proban·
657 2408 708 2468 ine
732 2407 881 2469 bebatdeu
910 2408 973 2488 upb
999 2409 1037 2471 de
1064 2410 1197 2492 bettipen

144 2635 174 2705 1)
197 2635 346 2693 Saronicus
362 2637 481 2709 scriptor
499 2637 689 2708 aliquantulum
704 2637 882 2695 difficiliorem
896 2640 1063 2712 propositam
1079 2643 1198 2715 speciem

72 2733 120 2784 ¹¹0n
138 2731 302 2802 intelligens,
327 2731 431 2788 omissis
452 2750 520 2804 quae
540 2735 709 2806 probationis
730 2735 916 2805 quaestionem
935 2742 1067 2807 spectant,
1086 2737 1198 2793 mutavit

68 2829 168 2882 stirsum
187 2828 264 2898 bujus
279 2827 344 2883 loci.
374 2827 474 2884 Verbis
491 2829 574 2884 enim:
595 2829 679 2899 „und
699 2846 735 2885 er
755 2830 885 2885 stirbet
905 2830 990 2885 naob
1011 2830 1082 2885 dem
1102 2828 1194 2886 iare''

48 2912 101 2971 'tx
117 2937 211 2977 errore
227 2921 400 2978 substituens:
421 2923 477 2993 „ob
493 2923 542 2978 ber
562 2924 656 2980 stirbet
677 2924 761 2979 nach
783 2922 841 2978 der
863 2921 1041 2994 iartzale'',
1062 2925 1142 2980 docet
1159 2926 1194 2980 ob

63 3001 177 3084 injurias
198 3016 446 3087 detonantibus,
471 3018 523 3073 nisi
544 3019 664 3091 impubes
685 3019 834 3087 decesserit
855 3021 924 3090 (ηοί)
944 3020 993 3074 ber
1014 3020 1109 3075 stirbet
1129 3019 1196 3075 nacb

61 3097 113 3168 der
132 3108 291 3181 iartnale'')‚
313 3113 370 3183 ejus
389 3112 534 3169 heredibus
554 3114 685 3181 actionem
706 3130 758 3171 non
779 3113 853 3184 dari3
874 3120 999 3187 coeptam
1018 3129 1086 3171 vero
1107 3131 1122 3170 a
1142 3114 1195 3170 de-

58 3191 156 3263 functo
175 3207 308 3262 actionem
328 3207 351 3262 si
365 3207 459 3277 veiint,
478 3208 606 3280 prosequi
622 3224 668 3264 eos
684 3225 773 3281 posse.
804 3209 950 3265 bavaricus
970 3216 1058 3265 autem
1078 3209 1195 3282 scriptor

56 3293 282 3374 significaverat,
304 3302 339 3358 ob
359 3301 485 3373 injurias,
509 3303 630 3375 exceptis
650 3302 801 3359 homicidiis
821 3304 865 3359 vel
885 3305 1066 3360 membrorum
1085 3303 1195 3360 mutilo-

53 3387 191 3468 tionibus,
211 3396 316 3452 veniam
336 3396 419 3452 tacite
438 3413 488 3453 reo
509 3413 661 3453 concessam
674 3396 772 3468 videri,
791 3397 813 3454 si
833 3415 884 3453 nec
903 3399 990 3455 laesus
1009 3399 1080 3455 intra
1099 3414 1196 3455 annum

52 3495 156 3549 eoram
172 3491 267 3563 judice
288 3498 447 3563 conquestus
467 3491 559 3562 suerit,
579 3508 629 3548 uec
649 3492 732 3548 futuri
753 3493 811 3564 ejus
826 3492 952 3563 heredes,
973 3493 1067 3564 quibus
1086 3509 1121 3548 ex
1142 3509 1194 3549 an-

49 3578 137 3660 tiquo
160 3602 235 3643 more
258 3586 356 3653 (Taciti
377 3585 464 3642 Germ.
487 3603 510 3642 o.
530 3586 595 3654 20:
623 3587 779 3660 „suscipere
799 3617 838 3628 -
856 3585 1008 3643 inimicitias
1028 3583 1193 3660 propinqui''

49 3683 174 3738 ¹lacesse
195 3687 263 3752 erat,
283 3684 437 3738 eonomine
452 3682 520 3736 intra
535 3698 648 3737 annuum
668 3682 734 3738 iliud
749 3688 853 3754 tempus
869 3681 1003 3737 actionem
1020 3680 1193 3739 intenderint.

47 3763 295 3847 bituminatum,
318 3777 346 3832 in
366 3794 417 3848 qna
438 3778 525 3850 lapsus
547 3784 587 3832 est
608 3777 750 3833 saxonicus
771 3777 899 3850 scriptor,
919 3793 953 3832 ex
972 3792 1007 3832 eo
1027 3775 1195 3849 potissimum

46 3873 146 3941 venit,
167 3871 240 3942 quod
255 3872 397 3927 miraretur
412 3874 556 3929 nondum
576 3877 696 3944 aperta
716 3871 918 3927 hereditate
938 3871 1071 3927 actionem
1086 3872 1192 3927 bere-

49 3957 162 4022 dibus
192 3966 289 4037 tribui,
319 3967 385 4023 ticet
411 3967 566 4038 diligentius
596 3967 809 4023 considerantem
838 3966 934 4036 fugere
963 3981 1017 4021 non
1048 3964 1193 4036 debuisset,

48 4048 179 4117 heredes
209 4062 353 4132 maj0ribus
383 4062 484 4119 nostris
514 4069 679 4134 nuncupatos
705 4078 763 4117 esse
789 4076 960 4132 quoscunque
985 4061 1193 4133 propinquiores

51 4162 210 4226 cognatos,
235 4172 251 4211 a
277 4157 382 4212 futurae
409 4156 567 4213 hereditatis
592 4163 704 4227 eventu,
734 4172 785 4212 nec
810 4155 964 4211 omnimodo
987 4155 1053 4211 laesi
1078 4159 1207 4222 mortem

52 4254 94 4303 ut
113 4266 216 4321 passam
236 4253 270 4307 ab
292 4267 325 4308 eo
346 4250 471 4322 injuriam
491 4252 684 4308 ulciscerentur
704 4249 898 4324 expectandam
917 4249 970 4306 iiiia
990 4249 1080 4305 fuisse.

142 4344 174 4414 a)
195 4344 270 4405 dont.
290 4363 346 4404 sam
368 4347 432 4403 libri
451 4353 501 4406 art.
518 4347 572 4406 itt
594 4348 643 4406 sub
663 4347 750 4404 finem.
