2722 4898
548 359 781 424 -113-

180 532 225 591 'ue
247 532 379 605 singulari
405 532 616 589 ministerialium
642 533 775 590 bominum
798 535 860 606 jura
886 535 990 607 plenius
1016 537 1069 593 boo
1093 538 1164 594 libro
1186 539 1232 596 di-

126 629 216 687 oeudum
234 644 286 685 non
306 629 406 698 luisse,
433 644 512 699 quum
533 629 777 684 ecclesiastieorum
797 630 964 701 principum,
991 632 1184 689 abbatissarum
1205 639 1234 690 et

66 774 80 781 ,.
125 724 231 780 laicorum
253 723 405 797 principum
431 728 527 778 statuta
553 723 587 778 da
613 723 828 779 ministerialibus
857 722 964 780 ditionis
990 741 1054 780 suae
1082 726 1232 784 bominibus

126 817 216 874 marine
234 817 303 874 inter
325 834 354 872 se
376 816 510 873 differant.

187 912 213 968 si
236 912 311 983 ragis
337 917 384 967 aut
408 911 655 967 ecclesiasticorum
684 912 835 984 principum
862 912 1047 968 ministeriales
1072 912 1170 968 milites
1198 930 1233 970 err

125 1012 192 1061 mutua
214 1007 390 1062 conventione
420 1005 573 1060 alterutrius
601 1007 685 1077 partis
716 1005 931 1062 ministerialibus
962 1006 1065 1062 leminis
1090 1007 1233 1078 nubantur,

126 1117 189 1172 aequa
200 1100 327 1171 dignitate
339 1100 434 1155 baberi
453 1106 594 1172 susceptos
613 1118 647 1156 ex
662 1100 737 1155 bisce
754 1101 852 1172 nuptiis
871 1100 981 1170 liberos,
1001 1107 1028 1156 et
1042 1101 1165 1173 utrinque
1177 1101 1230 1157 ba-

126 1193 185 1248 rades
197 1194 347 1267 parentibus
363 1193 524 1262 succedere3
543 1194 750 1266 primogenitum
764 1209 831 1250 vero
847 1194 984 1266 infantam,
1000 1196 1181 1267 cujuscunque
1196 1195 1232 1252 sit

127 1303 193 1358 nrm,
210 1288 339 1344 ecclcsiae
360 1288 576 1343 ministerialibus
597 1288 731 1358 adscribi,
755 1288 866 1343 similem
887 1305 954 1344 vero
975 1306 1034 1344 oum
1054 1289 1131 1344 laicis
1151 1291 1230 1362 prin-

127 1380 206 1455 cipibus
219 1383 421 1438 conventionem
438 1382 506 1437 inire
526 1385 630 1452 regem
641 1399 692 1437 uon
707 1384 838 1454 potuisse,
858 1396 936 1454 quum
951 1383 1086 1455 inaequali
1100 1382 1232 1455 dignitate

128 1475 165 1530 sint
178 1476 243 1547 regis
263 1483 290 1533 et
310 1476 443 1532 laicorum
458 1476 608 1548 principum
629 1477 816 1532 ministeriales
836 1476 942 1546 milites,
962 1493 1013 1532 nec
1028 1477 1090 1547 regi
1110 1477 1231 1534 minuare

128 1569 212 1626 militurn
231 1587 337 1626 suorum
358 1570 516 1642 dignitatem
535 1570 663 1638 lineat1).

164 1733 266 1816 Caput
291 1735 339 1798 12.
380 1734 419 1797 Ut
436 1755 496 1815 per
519 1734 660 1796 obortam
682 1733 822 1797 conditio
843 1735 984 1814 limantur
1006 1735 1056 1796 cel
1077 1739 1181 1796 testes.

177 1869 314 1953 ·Caput'
332 1871 401 1934 1592
448 1871 494 1933 De
528 1871 794 1934 instrumentorum
828 1870 887 1933 lide
922 1869 1042 1950 publica
1075 1868 1227 1949 quemad·
1321 1880 1339 1911 ¹*

1272 1924 1334 2007 *1

127 1972 220 2037 nodum
239 1993 280 2039 ax
303 1974 400 2038 allixis
423 1974 608 2055 pontificum,
635 1993 757 2057 regum,
782 1974 964 2055 principum,
989 1972 1228 2052 municipiorum,
1249 1992 1252 1996 ·
1297 2016 1328 2049 ,-

127 2074 323 2151 priuatommve
346 2077 511 2162 signaculis
535 2076 726 2140 statuendum
749 2077 797 2141 sit.

349 2249 470 2331 Caput
493 2248 542 2317 13.
571 2251 625 2317 De
645 2254 752 2330 pactis
775 2249 824 2311 ccl
840 2248 980 2329 placitis.
1062 2276 1065 2281 ·
1093 2266 1104 2271 ··

303 2386 397 2450 ,lacta
412 2385 454 2438 rel
471 2385 563 2453 placita
578 2401 643 2454 quae
657 2401 705 2453 per
723 2385 870 2451 scripturam
885 2397 1060 2453 quamcunque
1080 2382 1147 2434 lacta
1164 2390 1231 2448 sunt

239 2469 292 2524 'rel
314 2487 360 2548 per
383 2480 462 2524 testes
486 2471 661 2525 denominatos
687 2479 739 2522 tres
762 2470 804 2522 vel
832 2469 954 2537 amplius,
981 2468 1118 2519 dummodo
1141 2468 1167 2520 in
1190 2468 1229 2522 bis

252 2559 322 2611 dies
346 2565 376 2609 et
399 2573 498 2609 annus
522 2557 563 2607 sit
590 2556 765 2608 evidenter
790 2569 982 2623 expressus,
1007 2554 1138 2606 immutare
1160 2553 1230 2606 nulla

251 2645 348 2696 ratione
366 2643 554 2711 permittimus.”

189 2747 302 2829 Caput
320 2746 381 2810 159
400 2748 453 2811 lit.
468 2748 497 2811 b.
533 2747 613 2821 erot
628 2754 721 2810 testes
739 2747 770 2808 in
786 2744 986 2808 conficiendis
1002 2761 1104 2806 rerum
1119 2751 1231 2825 gesta·
1323 2756 1325 2760 ⁴

123 2861 170 2910 rum
192 2852 395 2914 instrumentis
424 2850 630 2913 adhibeantur.
674 2849 799 2912 Aerae
824 2847 1065 2910 christianae
1095 2863 1229 2908 annum

121 2950 317 3018 subnotandum
338 2971 420 3017 esse.
457 2954 587 3015 'lestium
606 2971 727 3032 quoque
751 2951 908 3035 signacula
930 2966 1021 3030 posse
1046 2947 1185 3027 appendi.

184 3057 231 3121 Ad
252 3057 413 3120 bavaricae
435 3057 513 3139 legis
536 3056 629 3133 verba
653 3056 761 3136 quibus
785 3055 895 3117 dicitur
916 3052 1037 3132 placita,
1060 3048 1227 3129 dequibus

118 3172 158 3233 per
176 3163 370 3224 instrumenta
401 3167 450 3222 aut
480 3167 572 3223 testes
603 3164 753 3235 constest‚
783 3157 982 3218 immutare
1007 3151 1086 3214 nulla
1109 3152 1227 3214 ratione

117 3265 276 3336 permissum
299 3280 380 3340 esse,
403 3263 503 3325 varias
522 3263 599 3342 juris
623 3260 788 3323 communis
810 3256 880 3318 libri
904 3261 1011 3318 auctor
1030 3255 1227 3332 quaestiones

116 3364 242 3446 subjecit,
266 3367 310 3428 de
328 3365 548 3447 impugnandis
578 3363 706 3442 negotiis
735 3360 816 3420 inter
844 3359 931 3420 vivos
960 3356 1104 3418 mortisve
1136 3372 1227 3418 causa

115 3471 202 3544 gestis.
240 3469 407 3532 Fluxerunt
429 3468 514 3529 inde:

181 3571 288 3643 Caput
310 3570 366 3626 160
386 3570 419 3624 de
440 3565 625 3639 impugnandis
650 3562 766 3634 negotiis
791 3562 986 3618 interveniente
1012 3559 1133 3615 usuraria
1158 3575 1227 3631 pro·

113 3661 181 3733 tituta
201 3665 301 3737 gastis3

143 3746 145 3750 ¹
182 3759 288 3830 Capul
317 3756 368 3812 161
402 3756 436 3812 de
470 3754 563 3811 mortis
597 3770 675 3809 causa
709 3750 896 3807 donationibus
926 3767 942 3804 a
975 3747 1093 3819 conjuga
1126 3746 1226 3803 binubo

112 3987 304 3998 -——-.---—

950 4009 955 4016 ι

176 4065 207 4135 1)
229 4067 303 4133 Quae
324 4064 459 4137 speculum
481 4063 636 4118 saxonicum
657 4061 719 4128 (lll.
742 4066 791 4115 art.
808 4060 853 4127 73,
873 4062 899 4124 §.
915 4056 952 4124 2)
977 4054 1059 4111 tradit
1079 4054 1112 4110 ‹le
1134 4052 1229 4136 liberis

110 4160 311 4217 ministerialium
336 4158 485 4225 bominum,
511 4156 641 4228 susceptis
662 4173 696 4210 ex
718 4152 885 4209 matrimonio
905 4151 975 4205 inter
996 4149 1108 4220 disparis
1129 4145 1227 4202 condi-

109 4253 181 4310 tionis
205 4256 349 4326 eonjuges,
376 4269 407 4308 ea
432 4267 485 4306 non
510 4251 639 4306 bovarico
665 4250 736 4305 libro
762 4247 908 4314 debentur,
933 4243 981 4300 sed
996 4244 1041 4314 jus
1068 4240 1228 4313 municipale

109 4350 254 4408 monicum
274 4346 420 4421 respiciunt
441 4348 505 4413 (art.
522 4344 564 4415 3).

1006 4442 1024 4495 8
