<?xml version="1.0" encoding="UTF-8"?>
<!DOCTYPE html PUBLIC "-//W3C//DTD XHTML 1.0 Transitional//EN"
    "http://www.w3.org/TR/xhtml1/DTD/xhtml1-transitional.dtd">
<html xmlns="http://www.w3.org/1999/xhtml" xml:lang="en" lang="en">
 <head>
  <title>
</title>
<meta http-equiv="Content-Type" content="text/html;charset=utf-8" />
  <meta name='ocr-system' content='tesseract 3.04.00' />
  <meta name='ocr-capabilities' content='ocr_page ocr_carea ocr_par ocr_line ocrx_word'/>
</head>
<body>
  <div class='ocr_page' id='page_1' title='image "./desaxonicispecu00danigoog_0236.png"; bbox 0 0 2722 4898; ppageno 0'>
   <div class='ocr_carea' id='block_1_1' title="bbox 529 359 776 426">
    <p class='ocr_par' dir='ltr' id='par_1_1' title="bbox 529 359 776 426">
     <span class='ocr_line' id='line_1_1' title="bbox 529 359 776 426; baseline -0.02 0"><span class='ocrx_word' id='word_1_1' title='bbox 529 396 581 409; x_wconf 91' lang='lat'><strong>·-·</strong></span> <span class='ocrx_word' id='word_1_2' title='bbox 616 359 685 426; x_wconf 75' lang='lat' dir='ltr'><strong>2le</strong></span> <span class='ocrx_word' id='word_1_3' title='bbox 722 393 776 409; x_wconf 74' lang='lat'>-</span> 
     </span>
    </p>
   </div>
   <div class='ocr_carea' id='block_1_2' title="bbox 163 492 1213 620">
    <p class='ocr_par' dir='ltr' id='par_1_2' title="bbox 163 492 1213 620">
     <span class='ocr_line' id='line_1_2' title="bbox 163 492 1213 620; baseline -0.001 -19"><span class='ocrx_word' id='word_1_4' title='bbox 163 537 280 620; x_wconf 84' lang='lat' dir='ltr'><strong>Caput</strong></span> <span class='ocrx_word' id='word_1_5' title='bbox 302 536 375 601; x_wconf 88' lang='grc'><strong>355.</strong></span> <span class='ocrx_word' id='word_1_6' title='bbox 420 533 736 610; x_wconf 81' lang='lat' dir='ltr'><strong>Quemadmodum</strong></span> <span class='ocrx_word' id='word_1_7' title='bbox 756 492 978 615; x_wconf 78' lang='lat' dir='ltr'><strong>&#39;probentur</strong></span> <span class='ocrx_word' id='word_1_8' title='bbox 1003 536 1213 600; x_wconf 69' lang='lat' dir='ltr'><strong>libertates</strong></span> 
     </span>
    </p>
   </div>
   <div class='ocr_carea' id='block_1_3' title="bbox 79 638 1215 1308">
    <p class='ocr_par' dir='ltr' id='par_1_3' title="bbox 79 638 1025 706">
     <span class='ocr_line' id='line_1_3' title="bbox 79 638 1025 706; baseline -0.005 0"><span class='ocrx_word' id='word_1_9' title='bbox 79 643 190 706; x_wconf 89' lang='lat' dir='ltr'><strong>insciis</strong></span> <span class='ocrx_word' id='word_1_10' title='bbox 212 641 375 705; x_wconf 83' lang='lat' dir='ltr'><strong>heredibus</strong></span> <span class='ocrx_word' id='word_1_11' title='bbox 399 659 416 702; x_wconf 90' lang='lat' dir='ltr'><strong>a</strong></span> <span class='ocrx_word' id='word_1_12' title='bbox 440 639 582 704; x_wconf 79' lang='lat' dir='ltr'><strong>defuncto</strong></span> <span class='ocrx_word' id='word_1_13' title='bbox 605 638 824 702; x_wconf 77' lang='lat' dir='ltr'><strong>manumissore</strong></span> <span class='ocrx_word' id='word_1_14' title='bbox 846 655 1025 703; x_wconf 81' lang='lat' dir='ltr'><strong>concessae.</strong></span> 
     </span>
    </p>

    <p class='ocr_par' dir='ltr' id='par_1_4' title="bbox 163 741 1079 817">
     <span class='ocr_line' id='line_1_4' title="bbox 163 741 1079 817; baseline -0.004 -16"><span class='ocrx_word' id='word_1_15' title='bbox 163 746 268 817; x_wconf 81' lang='lat' dir='ltr'><strong>Caput</strong></span> <span class='ocrx_word' id='word_1_16' title='bbox 288 744 354 800; x_wconf 99' lang='grc'><strong>356.</strong></span> <span class='ocrx_word' id='word_1_17' title='bbox 394 743 432 798; x_wconf 84' lang='grc'><strong>96</strong></span> <span class='ocrx_word' id='word_1_18' title='bbox 452 759 505 798; x_wconf 88' lang='grc'><strong>666</strong></span> <span class='ocrx_word' id='word_1_19' title='bbox 525 742 688 815; x_wconf 86' lang='lat' dir='ltr'><strong>recipiendis</strong></span> <span class='ocrx_word' id='word_1_20' title='bbox 708 741 829 812; x_wconf 69' lang='lat' dir='ltr'><strong>fugitivis</strong></span> <span class='ocrx_word' id='word_1_21' title='bbox 848 742 964 798; x_wconf 88' lang='lat' dir='ltr'><strong>aliorum</strong></span> <span class='ocrx_word' id='word_1_22' title='bbox 984 741 1079 798; x_wconf 85' lang='lat' dir='ltr'><strong>servis.</strong></span> 
     </span>
    </p>

    <p class='ocr_par' dir='ltr' id='par_1_5' title="bbox 81 836 1214 1102">
     <span class='ocr_line' id='line_1_5' title="bbox 162 836 1214 912; baseline -0.003 -16"><span class='ocrx_word' id='word_1_23' title='bbox 162 840 270 912; x_wconf 80' lang='lat' dir='ltr'><strong>Caput</strong></span> <span class='ocrx_word' id='word_1_24' title='bbox 288 839 355 896; x_wconf 84' lang='grc'><strong>357.</strong></span> <span class='ocrx_word' id='word_1_25' title='bbox 394 839 437 895; x_wconf 76' lang='lat' dir='ltr'><strong>An</strong></span> <span class='ocrx_word' id='word_1_26' title='bbox 462 837 725 909; x_wconf 78' lang='lat' dir='ltr'><strong>ticeatparentthus</strong></span> <span class='ocrx_word' id='word_1_27' title='bbox 753 842 866 909; x_wconf 87' lang='lat' dir='ltr'><strong>propter</strong></span> <span class='ocrx_word' id='word_1_28' title='bbox 896 836 1002 895; x_wconf 88' lang='lat' dir='ltr'><strong>nimiam</strong></span> <span class='ocrx_word' id='word_1_29' title='bbox 1027 842 1214 909; x_wconf 73' lang='lat' dir='ltr'><strong>paupertatem</strong></span> 
     </span>
     <span class='ocr_line' id='line_1_6' title="bbox 81 930 1214 1006; baseline -0.003 -15"><span class='ocrx_word' id='word_1_30' title='bbox 81 936 285 1006; x_wconf 78' lang='lat' dir='ltr'><strong>egestatemque</strong></span> <span class='ocrx_word' id='word_1_31' title='bbox 305 933 393 988; x_wconf 88' lang='lat' dir='ltr'><strong>victus</strong></span> <span class='ocrx_word' id='word_1_32' title='bbox 415 949 494 987; x_wconf 87' lang='lat' dir='ltr'><strong>causa</strong></span> <span class='ocrx_word' id='word_1_33' title='bbox 513 932 615 988; x_wconf 90' lang='lat' dir='ltr'><strong>liberos</strong></span> <span class='ocrx_word' id='word_1_34' title='bbox 635 932 662 986; x_wconf 92' lang='lat' dir='ltr'><strong>in</strong></span> <span class='ocrx_word' id='word_1_35' title='bbox 682 931 839 1003; x_wconf 80' lang='lat' dir='ltr'><strong>servitutem</strong></span> <span class='ocrx_word' id='word_1_36' title='bbox 858 931 991 1004; x_wconf 81' lang='lat' dir='ltr'><strong>vendere3</strong></span> <span class='ocrx_word' id='word_1_37' title='bbox 1017 948 1050 987; x_wconf 86' lang='lat' dir='ltr'><strong>ex</strong></span> <span class='ocrx_word' id='word_1_38' title='bbox 1070 932 1086 988; x_wconf 89' lang='lat' dir='ltr'><strong>l.</strong></span> <span class='ocrx_word' id='word_1_39' title='bbox 1107 931 1126 988; x_wconf 84' lang='lat'><strong>2</strong></span> <span class='ocrx_word' id='word_1_40' title='bbox 1148 930 1214 988; x_wconf 84' lang='lat' dir='ltr'><strong>Cod.</strong></span> 
     </span>
     <span class='ocr_line' id='line_1_7' title="bbox 82 1026 512 1102; baseline -0.002 -18"><span class='ocrx_word' id='word_1_41' title='bbox 82 1030 117 1085; x_wconf 90' lang='grc'><strong>66</strong></span> <span class='ocrx_word' id='word_1_42' title='bbox 139 1029 260 1102; x_wconf 85' lang='lat' dir='ltr'><strong>patribus</strong></span> <span class='ocrx_word' id='word_1_43' title='bbox 281 1028 327 1099; x_wconf 91' lang='lat' dir='ltr'><strong>qui</strong></span> <span class='ocrx_word' id='word_1_44' title='bbox 347 1027 415 1087; x_wconf 89' lang='lat' dir='ltr'><strong>iiiios</strong></span> <span class='ocrx_word' id='word_1_45' title='bbox 436 1026 512 1083; x_wconf 90' lang='lat' dir='ltr'><strong>distr.</strong></span> 
     </span>
    </p>

    <p class='ocr_par' dir='ltr' id='par_1_6' title="bbox 81 1120 1215 1308">
     <span class='ocr_line' id='line_1_8' title="bbox 162 1120 1214 1205; baseline -0.002 -20"><span class='ocrx_word' id='word_1_46' title='bbox 162 1122 279 1205; x_wconf 84' lang='lat' dir='ltr'><strong>Caput</strong></span> <span class='ocrx_word' id='word_1_47' title='bbox 297 1121 370 1188; x_wconf 83' lang='lat'><strong>358.</strong></span> <span class='ocrx_word' id='word_1_48' title='bbox 405 1121 717 1197; x_wconf 88' lang='lat' dir='ltr'><strong>Quemadmodum</strong></span> <span class='ocrx_word' id='word_1_49' title='bbox 737 1120 1214 1203; x_wconf 86' lang='lat' dir='ltr'><strong>praeconisjurejurando</strong></span> 
     </span>
     <span class='ocr_line' id='line_1_9' title="bbox 81 1218 1215 1308; baseline -0.002 -20"><span class='ocrx_word' id='word_1_50' title='bbox 81 1226 301 1308; x_wconf 82' lang='lat' dir='ltr'><strong>prob-entur.</strong></span> <span class='ocrx_word' id='word_1_51' title='bbox 328 1225 538 1289; x_wconf 82' lang='lat' dir='ltr'><strong>citationes</strong></span> <span class='ocrx_word' id='word_1_52' title='bbox 563 1227 618 1287; x_wconf 91' lang='lat' dir='ltr'><strong>rite</strong></span> <span class='ocrx_word' id='word_1_53' title='bbox 642 1223 741 1287; x_wconf 88' lang='lat' dir='ltr'><strong>factae</strong></span> <span class='ocrx_word' id='word_1_54' title='bbox 765 1224 803 1287; x_wconf 92' lang='lat' dir='ltr'><strong>ad</strong></span> <span class='ocrx_word' id='word_1_55' title='bbox 816 1218 989 1308; x_wconf 67' lang='lat' dir='ltr'><strong>[generales</strong></span> <span class='ocrx_word' id='word_1_56' title='bbox 1012 1223 1113 1305; x_wconf 92' lang='lat' dir='ltr'><strong>populi</strong></span> <span class='ocrx_word' id='word_1_57' title='bbox 1136 1242 1215 1288; x_wconf 91' lang='lat' dir='ltr'><strong>con-</strong></span> 
     </span>
    </p>
   </div>
   <div class='ocr_carea' id='block_1_4' title="bbox 80 1326 1216 1694">
    <p class='ocr_par' dir='ltr' id='par_1_7' title="bbox 80 1326 1216 1694">
     <span class='ocr_line' id='line_1_10' title="bbox 82 1326 1214 1409; baseline -0.002 -16"><span class='ocrx_word' id='word_1_58' title='bbox 82 1337 193 1394; x_wconf 87' lang='lat' dir='ltr'><strong>ventus</strong></span> <span class='ocrx_word' id='word_1_59' title='bbox 216 1349 256 1392; x_wconf 84' lang='lat' dir='ltr'><strong>ex</strong></span> <span class='ocrx_word' id='word_1_60' title='bbox 277 1327 426 1392; x_wconf 87' lang='lat' dir='ltr'><strong>Ludovici</strong></span> <span class='ocrx_word' id='word_1_61' title='bbox 448 1327 489 1409; x_wconf 93' lang='lat' dir='ltr'><strong>pii</strong></span> <span class='ocrx_word' id='word_1_62' title='bbox 512 1328 727 1392; x_wconf 90' lang='lat' dir='ltr'><strong>constitutione</strong></span> <span class='ocrx_word' id='word_1_63' title='bbox 750 1335 797 1390; x_wconf 89' lang='lat' dir='ltr'><strong>ter</strong></span> <span class='ocrx_word' id='word_1_64' title='bbox 819 1329 979 1407; x_wconf 85' lang='lat' dir='ltr'><strong>quotannis</strong></span> <span class='ocrx_word' id='word_1_65' title='bbox 1003 1326 1214 1391; x_wconf 81' lang='lat' dir='ltr'><strong>celebrandos</strong></span> 
     </span>
     <span class='ocr_line' id='line_1_11' title="bbox 163 1413 1216 1506; baseline -0.004 -17"><span class='ocrx_word' id='word_1_66' title='bbox 163 1433 272 1506; x_wconf 85' lang='lat' dir='ltr'><strong>Caput</strong></span> <span class='ocrx_word' id='word_1_67' title='bbox 291 1431 357 1488; x_wconf 88' lang='grc'><strong>359.</strong></span> <span class='ocrx_word' id='word_1_68' title='bbox 396 1430 439 1487; x_wconf 74' lang='lat' dir='ltr'><strong>Ad</strong></span> <span class='ocrx_word' id='word_1_69' title='bbox 464 1431 653 1504; x_wconf 89' lang='lat' dir='ltr'><strong>praecedentis</strong></span> <span class='ocrx_word' id='word_1_70' title='bbox 680 1430 774 1505; x_wconf 89' lang='lat' dir='ltr'><strong>capitis</strong></span> <span class='ocrx_word' id='word_1_71' title='bbox 801 1432 900 1489; x_wconf 88' lang='lat' dir='ltr'><strong>verba·</strong></span> <span class='ocrx_word' id='word_1_72' title='bbox 932 1446 1023 1502; x_wconf 78' lang='lat' dir='ltr'><strong>„swer</strong></span> <span class='ocrx_word' id='word_1_73' title='bbox 1050 1431 1135 1487; x_wconf 88' lang='lat' dir='ltr'><strong>daune</strong></span> <span class='ocrx_word' id='word_1_74' title='bbox 1161 1413 1216 1486; x_wconf 79' lang='lat' dir='ltr'><strong>nint</strong></span> 
     </span>
     <span class='ocr_line' id='line_1_12' title="bbox 80 1510 707 1630; baseline -0.005 -47"><span class='ocrx_word' id='word_1_75' title='bbox 80 1529 204 1630; x_wconf 83' lang='lat' dir='ltr'><strong>kommet</strong></span> <span class='ocrx_word' id='word_1_76' title='bbox 225 1510 275 1583; x_wconf 88' lang='lat' dir='ltr'><strong>der</strong></span> <span class='ocrx_word' id='word_1_77' title='bbox 294 1526 330 1582; x_wconf 83' lang='lat' dir='ltr'><strong>ist</strong></span> <span class='ocrx_word' id='word_1_78' title='bbox 350 1525 398 1582; x_wconf 88' lang='lat' dir='ltr'><strong>der</strong></span> <span class='ocrx_word' id='word_1_79' title='bbox 418 1527 520 1582; x_wconf 81' lang='grc'><strong>666666</strong></span> <span class='ocrx_word' id='word_1_80' title='bbox 541 1522 707 1582; x_wconf 51' lang='grc'><strong>6666161663</strong></span> 
     </span>
     <span class='ocr_line' id='line_1_13' title="bbox 115 1620 1131 1694; baseline -0.002 -15.905"><span class='ocrx_word' id='word_1_81' title='bbox 115 1620 383 1694; x_wconf 70' lang='lat' dir='ltr'><strong>&#39;Indulgentiam</strong></span> <span class='ocrx_word' id='word_1_82' title='bbox 376 1637 403 1676; x_wconf 90' lang='lat' dir='ltr'><strong>m</strong></span> <span class='ocrx_word' id='word_1_83' title='bbox 423 1621 566 1677; x_wconf 88' lang='lat' dir='ltr'><strong>statuendo</strong></span> <span class='ocrx_word' id='word_1_84' title='bbox 586 1621 744 1676; x_wconf 84' lang='lat' dir='ltr'><strong>muletarum</strong></span> <span class='ocrx_word' id='word_1_85' title='bbox 766 1620 847 1676; x_wconf 89' lang='lat' dir='ltr'><strong>modo</strong></span> <span class='ocrx_word' id='word_1_86' title='bbox 868 1620 1044 1676; x_wconf 84' lang='lat' dir='ltr'><strong>adhibendam</strong></span> <span class='ocrx_word' id='word_1_87' title='bbox 1064 1636 1131 1676; x_wconf 86' lang='lat' dir='ltr'><strong>esse.</strong></span> 
     </span>
    </p>
   </div>
   <div class='ocr_carea' id='block_1_5' title="bbox 82 1713 1236 2107">
    <p class='ocr_par' dir='ltr' id='par_1_8' title="bbox 82 1713 1236 2107">
     <span class='ocr_line' id='line_1_14' title="bbox 151 1713 1215 1799; baseline -0.002 -21"><span class='ocrx_word' id='word_1_88' title='bbox 151 1717 282 1798; x_wconf 17' lang='lat' dir='ltr'><strong>‘Caput</strong></span> <span class='ocrx_word' id='word_1_89' title='bbox 304 1713 377 1780; x_wconf 89' lang='grc'><strong>360.</strong></span> <span class='ocrx_word' id='word_1_90' title='bbox 423 1716 499 1790; x_wconf 84' lang='lat' dir='ltr'><strong>Quid</strong></span> <span class='ocrx_word' id='word_1_91' title='bbox 528 1714 655 1779; x_wconf 84' lang='lat' dir='ltr'><strong>Carolus</strong></span> <span class='ocrx_word' id='word_1_92' title='bbox 683 1732 810 1799; x_wconf 84' lang='lat' dir='ltr'><strong>magnus</strong></span> <span class='ocrx_word' id='word_1_93' title='bbox 840 1716 886 1778; x_wconf 92' lang='grc'><strong>66</strong></span> <span class='ocrx_word' id='word_1_94' title='bbox 915 1715 1089 1778; x_wconf 86' lang='lat' dir='ltr'><strong>testibus</strong></span> <span class='ocrx_word' id='word_1_95' title='bbox 1108 1715 1215 1777; x_wconf 89' lang='lat' dir='ltr'><strong>-dili-</strong></span> 
     </span>
     <span class='ocr_line' id='line_1_15' title="bbox 82 1817 1214 1905; baseline -0.001 -22"><span class='ocrx_word' id='word_1_96' title='bbox 82 1827 229 1905; x_wconf 80' lang='lat' dir='ltr'><strong>genter</strong></span> <span class='ocrx_word' id='word_1_97' title='bbox 251 1820 520 1884; x_wconf 86' lang='lat' dir='ltr'><strong>examinandis</strong></span> <span class='ocrx_word' id='word_1_98' title='bbox 544 1820 694 1897; x_wconf 84' lang='lat' dir='ltr'><strong>statuerit3</strong></span> <span class='ocrx_word' id='word_1_99' title='bbox 725 1839 764 1880; x_wconf 87' lang='lat' dir='ltr'><strong>ex</strong></span> <span class='ocrx_word' id='word_1_100' title='bbox 788 1819 853 1900; x_wconf 92' lang='lat' dir='ltr'><strong>ipso</strong></span> <span class='ocrx_word' id='word_1_101' title='bbox 876 1818 1021 1903; x_wconf 82' lang='lat' dir='ltr'><strong>Ansegisi</strong></span> <span class='ocrx_word' id='word_1_102' title='bbox 1045 1819 1145 1899; x_wconf 91' lang='lat' dir='ltr'><strong>capite</strong></span> <span class='ocrx_word' id='word_1_103' title='bbox 1164 1817 1214 1882; x_wconf 88' lang='lat' dir='ltr'><strong>l0.</strong></span> 
     </span>
     <span class='ocr_line' id='line_1_16' title="bbox 163 1916 979 2005; baseline -0.005 -18"><span class='ocrx_word' id='word_1_104' title='bbox 163 1923 283 2005; x_wconf 81' lang='lat' dir='ltr'><strong>Caput</strong></span> <span class='ocrx_word' id='word_1_105' title='bbox 300 1916 376 1986; x_wconf 87' lang='grc'><strong>361.</strong></span> <span class='ocrx_word' id='word_1_106' title='bbox 413 1921 459 1984; x_wconf 86' lang='lat' dir='ltr'><strong>De</strong></span> <span class='ocrx_word' id='word_1_107' title='bbox 482 1923 638 2003; x_wconf 92' lang='lat' dir='ltr'><strong>probanda</strong></span> <span class='ocrx_word' id='word_1_108' title='bbox 660 1923 799 1985; x_wconf 89' lang='lat' dir='ltr'><strong>usuraria</strong></span> <span class='ocrx_word' id='word_1_109' title='bbox 821 1924 979 2002; x_wconf 87' lang='lat' dir='ltr'><strong>pravitate.</strong></span> 
     </span>
     <span class='ocr_line' id='line_1_17' title="bbox 95 2024 1236 2107; baseline -0.001 -17"><span class='ocrx_word' id='word_1_110' title='bbox 95 2074 97 2078; x_wconf 23' lang='grc' dir='ltr'><strong><em>ι</em></strong></span> <span class='ocrx_word' id='word_1_111' title='bbox 163 2026 283 2107; x_wconf 81' lang='lat' dir='ltr'><strong>Caput</strong></span> <span class='ocrx_word' id='word_1_112' title='bbox 304 2024 377 2092; x_wconf 85' lang='lat'><strong>362.</strong></span> <span class='ocrx_word' id='word_1_113' title='bbox 413 2026 584 2107; x_wconf 83' lang='lat' dir='ltr'><strong>Perjurii</strong></span> <span class='ocrx_word' id='word_1_114' title='bbox 609 2027 734 2089; x_wconf 88' lang='lat' dir='ltr'><strong>instar</strong></span> <span class='ocrx_word' id='word_1_115' title='bbox 756 2043 825 2089; x_wconf 89' lang='lat' dir='ltr'><strong>esse</strong></span> <span class='ocrx_word' id='word_1_116' title='bbox 850 2027 875 2088; x_wconf 93' lang='lat' dir='ltr'><strong>si</strong></span> <span class='ocrx_word' id='word_1_117' title='bbox 899 2027 965 2106; x_wconf 88' lang='lat' dir='ltr'><strong>quis</strong></span> <span class='ocrx_word' id='word_1_118' title='bbox 989 2025 1096 2088; x_wconf 88' lang='lat' dir='ltr'><strong>contra</strong></span> <span class='ocrx_word' id='word_1_119' title='bbox 1120 2042 1236 2104; x_wconf 82' lang='lat' dir='ltr'><strong>prae-.</strong></span> 
     </span>
    </p>
   </div>
   <div class='ocr_carea' id='block_1_6' title="bbox 81 2128 1242 2685">
    <p class='ocr_par' dir='ltr' id='par_1_9' title="bbox 81 2128 1242 2685">
     <span class='ocr_line' id='line_1_18' title="bbox 81 2128 1133 2212; baseline -0.005 -17"><span class='ocrx_word' id='word_1_120' title='bbox 81 2132 187 2195; x_wconf 92' lang='lat' dir='ltr'><strong>stitum</strong></span> <span class='ocrx_word' id='word_1_121' title='bbox 204 2131 278 2212; x_wconf 82' lang='lat' dir='ltr'><strong>regi</strong></span> <span class='ocrx_word' id='word_1_122' title='bbox 298 2128 450 2199; x_wconf 86' lang='lat' dir='ltr'><strong>fidelitatis</strong></span> <span class='ocrx_word' id='word_1_123' title='bbox 469 2129 671 2210; x_wconf 85' lang='lat' dir='ltr'><strong>juramentum</strong></span> <span class='ocrx_word' id='word_1_124' title='bbox 692 2129 810 2210; x_wconf 89' lang='lat' dir='ltr'><strong>imperii</strong></span> <span class='ocrx_word' id='word_1_125' title='bbox 832 2130 911 2192; x_wconf 93' lang='lat' dir='ltr'><strong>bona</strong></span> <span class='ocrx_word' id='word_1_126' title='bbox 934 2129 1133 2212; x_wconf 68' lang='lat' dir='ltr'><strong>intervertat.</strong></span> 
     </span>
     <span class='ocr_line' id='line_1_19' title="bbox 162 2228 1214 2305; baseline -0.002 -17"><span class='ocrx_word' id='word_1_127' title='bbox 162 2232 274 2305; x_wconf 80' lang='lat' dir='ltr'><strong>caput</strong></span> <span class='ocrx_word' id='word_1_128' title='bbox 292 2231 347 2288; x_wconf 87' lang='grc'><strong>363</strong></span> <span class='ocrx_word' id='word_1_129' title='bbox 368 2231 419 2288; x_wconf 88' lang='lat' dir='ltr'><strong>lit.</strong></span> <span class='ocrx_word' id='word_1_130' title='bbox 434 2249 459 2289; x_wconf 91' lang='lat' dir='ltr'><strong>a.</strong></span> <span class='ocrx_word' id='word_1_131' title='bbox 489 2231 533 2288; x_wconf 73' lang='lat' dir='ltr'><strong>bd</strong></span> <span class='ocrx_word' id='word_1_132' title='bbox 552 2231 648 2305; x_wconf 87' lang='lat' dir='ltr'><strong>capitis</strong></span> <span class='ocrx_word' id='word_1_133' title='bbox 664 2230 722 2287; x_wconf 86' lang='grc'><strong>358</strong></span> <span class='ocrx_word' id='word_1_134' title='bbox 741 2233 841 2289; x_wconf 87' lang='lat' dir='ltr'><strong>verba:</strong></span> <span class='ocrx_word' id='word_1_135' title='bbox 861 2228 1214 2304; x_wconf 65' lang='grc'><strong>,6116666166666.’“</strong></span> 
     </span>
     <span class='ocr_line' id='line_1_20' title="bbox 163 2323 815 2385; baseline 0 -2"><span class='ocrx_word' id='word_1_136' title='bbox 163 2328 204 2383; x_wconf 83' lang='lat' dir='ltr'><strong>lic</strong></span> <span class='ocrx_word' id='word_1_137' title='bbox 223 2326 391 2384; x_wconf 85' lang='lat' dir='ltr'><strong>celebrandis</strong></span> <span class='ocrx_word' id='word_1_138' title='bbox 411 2327 504 2383; x_wconf 89' lang='lat' dir='ltr'><strong>diebus</strong></span> <span class='ocrx_word' id='word_1_139' title='bbox 524 2323 664 2383; x_wconf 83' lang='lat' dir='ltr'><strong>dominicis</strong></span> <span class='ocrx_word' id='word_1_140' title='bbox 686 2333 713 2382; x_wconf 92' lang='lat' dir='ltr'><strong>et</strong></span> <span class='ocrx_word' id='word_1_141' title='bbox 732 2329 815 2385; x_wconf 86' lang='lat' dir='ltr'><strong>lestis</strong></span> 
     </span>
     <span class='ocr_line' id='line_1_21' title="bbox 164 2368 1217 2495; baseline -0.001 -17"><span class='ocrx_word' id='word_1_142' title='bbox 164 2422 272 2494; x_wconf 80' lang='lat' dir='ltr'><strong>Caput</strong></span> <span class='ocrx_word' id='word_1_143' title='bbox 291 2422 356 2480; x_wconf 90' lang='grc'><strong>364.</strong></span> <span class='ocrx_word' id='word_1_144' title='bbox 390 2422 433 2478; x_wconf 74' lang='lat' dir='ltr'><strong>Ad</strong></span> <span class='ocrx_word' id='word_1_145' title='bbox 454 2423 549 2495; x_wconf 86' lang='lat' dir='ltr'><strong>capitis</strong></span> <span class='ocrx_word' id='word_1_146' title='bbox 568 2422 625 2479; x_wconf 88' lang='grc'><strong>359</strong></span> <span class='ocrx_word' id='word_1_147' title='bbox 645 2423 744 2480; x_wconf 88' lang='lat' dir='ltr'><strong>verba:</strong></span> <span class='ocrx_word' id='word_1_148' title='bbox 772 2422 835 2493; x_wconf 81' lang='lat' dir='ltr'><strong>„die</strong></span> <span class='ocrx_word' id='word_1_149' title='bbox 860 2424 956 2480; x_wconf 85' lang='lat' dir='ltr'><strong>buosse</strong></span> <span class='ocrx_word' id='word_1_150' title='bbox 982 2423 1068 2479; x_wconf 89' lang='lat' dir='ltr'><strong>sollan</strong></span> <span class='ocrx_word' id='word_1_151' title='bbox 1087 2421 1139 2479; x_wconf 83' lang='lat' dir='ltr'><strong>wir</strong></span> <span class='ocrx_word' id='word_1_152' title='bbox 1158 2368 1217 2479; x_wconf 78' lang='lat' dir='ltr'><strong>aiat</strong></span> 
     </span>
     <span class='ocr_line' id='line_1_22' title="bbox 83 2517 586 2590; baseline -0.002 -17"><span class='ocrx_word' id='word_1_153' title='bbox 83 2533 137 2590; x_wconf 82' lang='lat' dir='ltr'><strong>gar</strong></span> <span class='ocrx_word' id='word_1_154' title='bbox 159 2533 263 2573; x_wconf 86' lang='lat' dir='ltr'><strong>nemen.</strong></span> <span class='ocrx_word' id='word_1_155' title='bbox 283 2532 345 2574; x_wconf 86' lang='lat' dir='ltr'><strong>wan</strong></span> <span class='ocrx_word' id='word_1_156' title='bbox 364 2517 431 2572; x_wconf 81' lang='lat' dir='ltr'><strong>naclr</strong></span> <span class='ocrx_word' id='word_1_157' title='bbox 451 2517 586 2589; x_wconf 81' lang='lat' dir='ltr'><strong>guaden&#39;</strong></span> 
     </span>
     <span class='ocr_line' id='line_1_23' title="bbox 164 2608 1242 2685; baseline 0.002 -17"><span class='ocrx_word' id='word_1_158' title='bbox 164 2611 274 2668; x_wconf 79' lang='lat' dir='ltr'><strong>iudices</strong></span> <span class='ocrx_word' id='word_1_159' title='bbox 293 2611 442 2669; x_wconf 87' lang='lat' dir='ltr'><strong>abstineant</strong></span> <span class='ocrx_word' id='word_1_160' title='bbox 462 2613 495 2676; x_wconf 87' lang='lat' dir='ltr'><strong>ab</strong></span> <span class='ocrx_word' id='word_1_161' title='bbox 512 2612 583 2668; x_wconf 90' lang='lat' dir='ltr'><strong>omui</strong></span> <span class='ocrx_word' id='word_1_162' title='bbox 598 2612 698 2685; x_wconf 85' lang='lat' dir='ltr'><strong>injusta</strong></span> <span class='ocrx_word' id='word_1_163' title='bbox 714 2611 856 2668; x_wconf 82' lang='lat' dir='ltr'><strong>exactione</strong></span> <span class='ocrx_word' id='word_1_164' title='bbox 869 2611 1018 2683; x_wconf 86' lang='lat' dir='ltr'><strong>viduasque</strong></span> <span class='ocrx_word' id='word_1_165' title='bbox 1038 2617 1065 2668; x_wconf 89' lang='lat' dir='ltr'><strong>et</strong></span> <span class='ocrx_word' id='word_1_166' title='bbox 1080 2608 1216 2685; x_wconf 81' lang='lat' dir='ltr'><strong>orphanos</strong></span> <span class='ocrx_word' id='word_1_167' title='bbox 1240 2658 1242 2662; x_wconf 53' lang='grc'><strong>,</strong></span> 
     </span>
    </p>
   </div>
   <div class='ocr_carea' id='block_1_7' title="bbox 82 2699 1218 2876">
    <p class='ocr_par' dir='ltr' id='par_1_10' title="bbox 82 2699 1218 2876">
     <span class='ocr_line' id='line_1_24' title="bbox 82 2699 1218 2787; baseline -0.001 -25"><span class='ocrx_word' id='word_1_168' title='bbox 82 2712 242 2780; x_wconf 81' lang='lat' dir='ltr'><strong>protegant.</strong></span> <span class='ocrx_word' id='word_1_169' title='bbox 281 2705 469 2787; x_wconf 66' lang='grc' dir='ltr'><strong>116166661ιί</strong></span> <span class='ocrx_word' id='word_1_170' title='bbox 488 2707 527 2780; x_wconf 92' lang='lat' dir='ltr'><strong>pii</strong></span> <span class='ocrx_word' id='word_1_171' title='bbox 547 2699 780 2764; x_wconf 86' lang='lat' dir='ltr'><strong>constitutionibus</strong></span> <span class='ocrx_word' id='word_1_172' title='bbox 800 2705 938 2763; x_wconf 81' lang='grc'><strong>6661817</strong></span> <span class='ocrx_word' id='word_1_173' title='bbox 960 2704 1218 2780; x_wconf 66' lang='grc'><strong>1966616211,</strong></span> 
     </span>
     <span class='ocr_line' id='line_1_25' title="bbox 84 2792 609 2876; baseline 0.002 -18"><span class='ocrx_word' id='word_1_174' title='bbox 84 2819 110 2858; x_wconf 77' lang='lat'><strong>0.</strong></span> <span class='ocrx_word' id='word_1_175' title='bbox 126 2801 162 2876; x_wconf 74' lang='lat'><strong>33</strong></span> <span class='ocrx_word' id='word_1_176' title='bbox 182 2800 214 2857; x_wconf 92' lang='lat' dir='ltr'><strong>u.</strong></span> <span class='ocrx_word' id='word_1_177' title='bbox 236 2817 262 2874; x_wconf 79' lang='lat' dir='ltr'><strong>p.</strong></span> <span class='ocrx_word' id='word_1_178' title='bbox 278 2792 425 2874; x_wconf 73' lang='grc'><strong>61666,</strong></span> <span class='ocrx_word' id='word_1_179' title='bbox 445 2817 469 2859; x_wconf 72' lang='grc' dir='ltr'><strong>ο.</strong></span> <span class='ocrx_word' id='word_1_180' title='bbox 484 2800 512 2872; x_wconf 86' lang='lat'><strong>1,</strong></span> <span class='ocrx_word' id='word_1_181' title='bbox 525 2801 553 2872; x_wconf 79' lang='lat' dir='ltr'><strong>a,</strong></span> <span class='ocrx_word' id='word_1_182' title='bbox 566 2802 609 2873; x_wconf 83' lang='lat'><strong>4).</strong></span> 
     </span>
    </p>
   </div>
   <div class='ocr_carea' id='block_1_8' title="bbox 437 2963 950 3089">
    <p class='ocr_par' dir='ltr' id='par_1_11' title="bbox 437 2963 950 3089">
     <span class='ocr_line' id='line_1_26' title="bbox 437 2963 950 3089; baseline 0.014 -27"><span class='ocrx_word' id='word_1_183' title='bbox 437 2997 555 3084; x_wconf 82' lang='lat' dir='ltr'><strong>Caput</strong></span> <span class='ocrx_word' id='word_1_184' title='bbox 580 2998 628 3064; x_wconf 90' lang='grc'><strong>12.</strong></span> <span class='ocrx_word' id='word_1_185' title='bbox 671 2994 713 3068; x_wconf 84' lang='grc'><strong>116</strong></span> <span class='ocrx_word' id='word_1_186' title='bbox 734 2968 895 3089; x_wconf 69' lang='lat' dir='ltr'><strong>balbusia..</strong></span> <span class='ocrx_word' id='word_1_187' title='bbox 947 2963 950 2967; x_wconf 21' lang='grc' dir='ltr'>Ι</span> 
     </span>
    </p>
   </div>
   <div class='ocr_carea' id='block_1_9' title="bbox 84 3142 1223 3643">
    <p class='ocr_par' dir='ltr' id='par_1_12' title="bbox 87 3142 1218 3334">
     <span class='ocr_line' id='line_1_27' title="bbox 168 3142 1218 3229; baseline -0.003 -19"><span class='ocrx_word' id='word_1_188' title='bbox 168 3147 287 3228; x_wconf 79' lang='lat' dir='ltr'><strong>Caput</strong></span> <span class='ocrx_word' id='word_1_189' title='bbox 308 3145 380 3210; x_wconf 88' lang='grc'><strong>364.</strong></span> <span class='ocrx_word' id='word_1_190' title='bbox 423 3146 467 3208; x_wconf 83' lang='grc'><strong>96</strong></span> <span class='ocrx_word' id='word_1_191' title='bbox 491 3146 609 3228; x_wconf 87' lang='lat' dir='ltr'><strong>injustis</strong></span> <span class='ocrx_word' id='word_1_192' title='bbox 632 3149 760 3211; x_wconf 88' lang='lat' dir='ltr'><strong>teloneis</strong></span> <span class='ocrx_word' id='word_1_193' title='bbox 783 3166 845 3211; x_wconf 88' lang='lat' dir='ltr'><strong>non</strong></span> <span class='ocrx_word' id='word_1_194' title='bbox 867 3147 1039 3229; x_wconf 84' lang='lat' dir='ltr'><strong>exigendis.</strong></span> <span class='ocrx_word' id='word_1_195' title='bbox 1082 3142 1129 3207; x_wconf 82' lang='lat' dir='ltr'><strong>Ex</strong></span> <span class='ocrx_word' id='word_1_196' title='bbox 1150 3145 1218 3226; x_wconf 89' lang='lat' dir='ltr'><strong>ipso</strong></span> 
     </span>
     <span class='ocr_line' id='line_1_28' title="bbox 87 3250 831 3334; baseline 0 -20"><span class='ocrx_word' id='word_1_197' title='bbox 87 3251 235 3334; x_wconf 83' lang='lat' dir='ltr'><strong>Ansegisi</strong></span> <span class='ocrx_word' id='word_1_198' title='bbox 256 3250 368 3330; x_wconf 88' lang='lat' dir='ltr'><strong>capite,</strong></span> <span class='ocrx_word' id='word_1_199' title='bbox 392 3250 477 3331; x_wconf 89' lang='lat' dir='ltr'><strong>cujus</strong></span> <span class='ocrx_word' id='word_1_200' title='bbox 500 3250 615 3313; x_wconf 93' lang='lat' dir='ltr'><strong>titulum</strong></span> <span class='ocrx_word' id='word_1_201' title='bbox 635 3250 831 3332; x_wconf 89' lang='lat' dir='ltr'><strong>praescripsi.</strong></span> 
     </span>
    </p>

    <p class='ocr_par' dir='ltr' id='par_1_13' title="bbox 84 3338 1223 3643">
     <span class='ocr_line' id='line_1_29' title="bbox 167 3338 1219 3436; baseline -0.004 -20"><span class='ocrx_word' id='word_1_202' title='bbox 167 3353 214 3416; x_wconf 85' lang='lat' dir='ltr'><strong>Ex</strong></span> <span class='ocrx_word' id='word_1_203' title='bbox 242 3352 463 3434; x_wconf 89' lang='lat' dir='ltr'><strong>posterioribus</strong></span> <span class='ocrx_word' id='word_1_204' title='bbox 491 3354 568 3436; x_wconf 85' lang='lat' dir='ltr'><strong>legis</strong></span> <span class='ocrx_word' id='word_1_205' title='bbox 590 3338 799 3434; x_wconf 72' lang='lat' dir='ltr'><strong>bajuariorum</strong></span> <span class='ocrx_word' id='word_1_206' title='bbox 826 3352 919 3415; x_wconf 92' lang='lat' dir='ltr'><strong>titulis</strong></span> <span class='ocrx_word' id='word_1_207' title='bbox 947 3359 1014 3431; x_wconf 92' lang='lat' dir='ltr'><strong>post</strong></span> <span class='ocrx_word' id='word_1_208' title='bbox 1044 3358 1134 3431; x_wconf 89' lang='lat' dir='ltr'><strong>caput</strong></span> <span class='ocrx_word' id='word_1_209' title='bbox 1156 3348 1219 3412; x_wconf 89' lang='grc'><strong>332</strong></span> 
     </span>
     <span class='ocr_line' id='line_1_30' title="bbox 84 3442 1223 3537; baseline -0.002 -19"><span class='ocrx_word' id='word_1_210' title='bbox 84 3456 213 3520; x_wconf 84' lang='lat' dir='ltr'><strong>insertis</strong></span> <span class='ocrx_word' id='word_1_211' title='bbox 240 3455 318 3519; x_wconf 86' lang='lat' dir='ltr'><strong>male</strong></span> <span class='ocrx_word' id='word_1_212' title='bbox 344 3454 507 3536; x_wconf 84' lang='lat' dir='ltr'><strong>nonnulla,</strong></span> <span class='ocrx_word' id='word_1_213' title='bbox 541 3442 664 3520; x_wconf 81' lang='lat' dir='ltr'><strong>servat&#39;c</strong></span> <span class='ocrx_word' id='word_1_214' title='bbox 696 3462 797 3520; x_wconf 89' lang='lat' dir='ltr'><strong>tamen</strong></span> <span class='ocrx_word' id='word_1_215' title='bbox 830 3452 965 3536; x_wconf 86' lang='lat' dir='ltr'><strong>&#39;ejusdem</strong></span> <span class='ocrx_word' id='word_1_216' title='bbox 994 3453 1072 3537; x_wconf 82' lang='lat' dir='ltr'><strong>legis</strong></span> <span class='ocrx_word' id='word_1_217' title='bbox 1101 3448 1223 3533; x_wconf 83' lang='lat' dir='ltr'><strong>ordine,-</strong></span> 
     </span>
     <span class='ocr_line' id='line_1_31' title="bbox 87 3561 477 3643; baseline 0.003 -20"><span class='ocrx_word' id='word_1_218' title='bbox 87 3561 218 3643; x_wconf 89' lang='lat' dir='ltr'><strong>disjecta</strong></span> <span class='ocrx_word' id='word_1_219' title='bbox 240 3561 300 3624; x_wconf 92' lang='lat' dir='ltr'><strong>huo</strong></span> <span class='ocrx_word' id='word_1_220' title='bbox 324 3566 477 3643; x_wconf 89' lang='lat' dir='ltr'><strong>apparent.</strong></span> 
     </span>
    </p>
   </div>
   <div class='ocr_carea' id='block_1_10' title="bbox 88 3728 1219 3899">
    <p class='ocr_par' dir='ltr' id='par_1_14' title="bbox 88 3728 1219 3899">
     <span class='ocr_line' id='line_1_32' title="bbox 88 3728 1219 3827; baseline -0.006 -28"><span class='ocrx_word' id='word_1_221' title='bbox 88 3733 451 3815; x_wconf 76' lang='lat' dir='ltr'><strong>supplementorum</strong></span> <span class='ocrx_word' id='word_1_222' title='bbox 477 3751 523 3796; x_wconf 88' lang='lat' dir='ltr'><strong>ex</strong></span> <span class='ocrx_word' id='word_1_223' title='bbox 548 3732 708 3813; x_wconf 87' lang='lat' dir='ltr'><strong>antiqua</strong></span> <span class='ocrx_word' id='word_1_224' title='bbox 728 3728 997 3827; x_wconf 86' lang='lat' dir='ltr'><strong>Bajuaricrum</strong></span> <span class='ocrx_word' id='word_1_225' title='bbox 1022 3729 1109 3812; x_wconf 79' lang='lat' dir='ltr'><strong>lege</strong></span> <span class='ocrx_word' id='word_1_226' title='bbox 1131 3744 1219 3809; x_wconf 89' lang='lat' dir='ltr'><strong>pars</strong></span> 
     </span>
     <span class='ocr_line' id='line_1_33' title="bbox 590 3836 724 3899; baseline 0.007 -1"><span class='ocrx_word' id='word_1_227' title='bbox 590 3836 724 3899; x_wconf 86' lang='lat' dir='ltr'><strong>altera.</strong></span> 
     </span>
    </p>
   </div>
   <div class='ocr_carea' id='block_1_11' title="bbox 143 3970 1170 4126">
    <p class='ocr_par' dir='ltr' id='par_1_15' title="bbox 143 3970 1170 4126">
     <span class='ocr_line' id='line_1_34' title="bbox 143 3970 1170 4042; baseline -0.006 -16"><span class='ocrx_word' id='word_1_228' title='bbox 143 3971 210 4028; x_wconf 85' lang='lat' dir='ltr'><strong>xxt.</strong></span> <span class='ocrx_word' id='word_1_229' title='bbox 239 3973 284 4026; x_wconf 83' lang='lat' dir='ltr'><strong>lle</strong></span> <span class='ocrx_word' id='word_1_230' title='bbox 305 3973 461 4042; x_wconf 91' lang='lat' dir='ltr'><strong>pomariis</strong></span> <span class='ocrx_word' id='word_1_231' title='bbox 486 3981 517 4024; x_wconf 91' lang='lat' dir='ltr'><strong>et</strong></span> <span class='ocrx_word' id='word_1_232' title='bbox 539 3973 725 4025; x_wconf 89' lang='lat' dir='ltr'><strong>nemoribus</strong></span> <span class='ocrx_word' id='word_1_233' title='bbox 749 3981 845 4040; x_wconf 89' lang='lat' dir='ltr'><strong>atque</strong></span> <span class='ocrx_word' id='word_1_234' title='bbox 869 3970 983 4038; x_wconf 89' lang='lat' dir='ltr'><strong>apibus</strong></span> <span class='ocrx_word' id='word_1_235' title='bbox 1006 3977 1038 4021; x_wconf 90' lang='lat' dir='ltr'><strong>et</strong></span> <span class='ocrx_word' id='word_1_236' title='bbox 1061 3983 1170 4021; x_wconf 87' lang='lat' dir='ltr'><strong>eorum</strong></span> 
     </span>
     <span class='ocr_line' id='line_1_35' title="bbox 534 4058 782 4126; baseline 0 -15"><span class='ocrx_word' id='word_1_237' title='bbox 534 4058 782 4126; x_wconf 87' lang='lat' dir='ltr'><strong>compositione.</strong></span> 
     </span>
    </p>
   </div>
   <div class='ocr_carea' id='block_1_12' title="bbox 171 4178 1224 4351">
    <p class='ocr_par' dir='ltr' id='par_1_16' title="bbox 171 4178 1224 4351">
     <span class='ocr_line' id='line_1_36' title="bbox 171 4178 1099 4256; baseline -0.006 -17"><span class='ocrx_word' id='word_1_238' title='bbox 171 4184 279 4256; x_wconf 78' lang='lat' dir='ltr'><strong>Caput</strong></span> <span class='ocrx_word' id='word_1_239' title='bbox 299 4183 363 4239; x_wconf 89' lang='grc'><strong>365.</strong></span> <span class='ocrx_word' id='word_1_240' title='bbox 397 4183 436 4237; x_wconf 86' lang='grc'><strong>96</strong></span> <span class='ocrx_word' id='word_1_241' title='bbox 457 4182 545 4255; x_wconf 86' lang='lat' dir='ltr'><strong>apium</strong></span> <span class='ocrx_word' id='word_1_242' title='bbox 565 4181 703 4252; x_wconf 80' lang='lat' dir='ltr'><strong>examine3</strong></span> <span class='ocrx_word' id='word_1_243' title='bbox 724 4196 758 4236; x_wconf 85' lang='lat' dir='ltr'><strong>ex</strong></span> <span class='ocrx_word' id='word_1_244' title='bbox 777 4179 848 4235; x_wconf 89' lang='lat' dir='ltr'><strong>tituli</strong></span> <span class='ocrx_word' id='word_1_245' title='bbox 869 4179 943 4234; x_wconf 87' lang='lat' dir='ltr'><strong>citati</strong></span> <span class='ocrx_word' id='word_1_246' title='bbox 963 4178 1053 4252; x_wconf 89' lang='lat' dir='ltr'><strong>capite</strong></span> <span class='ocrx_word' id='word_1_247' title='bbox 1072 4178 1099 4233; x_wconf 84' lang='lat'><strong>8.</strong></span> 
     </span>
     <span class='ocr_line' id='line_1_37' title="bbox 172 4271 1224 4351; baseline -0.007 -17"><span class='ocrx_word' id='word_1_248' title='bbox 172 4278 278 4351; x_wconf 83' lang='lat' dir='ltr'><strong>Caput</strong></span> <span class='ocrx_word' id='word_1_249' title='bbox 297 4278 363 4335; x_wconf 89' lang='grc'><strong>366.</strong></span> <span class='ocrx_word' id='word_1_250' title='bbox 397 4278 436 4333; x_wconf 83' lang='grc'><strong>66</strong></span> <span class='ocrx_word' id='word_1_251' title='bbox 454 4293 488 4333; x_wconf 89' lang='lat' dir='ltr'><strong>eo</strong></span> <span class='ocrx_word' id='word_1_252' title='bbox 506 4276 552 4347; x_wconf 87' lang='lat' dir='ltr'><strong>qui</strong></span> <span class='ocrx_word' id='word_1_253' title='bbox 571 4275 598 4332; x_wconf 86' lang='lat' dir='ltr'><strong>ia</strong></span> <span class='ocrx_word' id='word_1_254' title='bbox 616 4276 705 4333; x_wconf 87' lang='lat' dir='ltr'><strong>alieno</strong></span> <span class='ocrx_word' id='word_1_255' title='bbox 724 4274 847 4346; x_wconf 86' lang='lat' dir='ltr'><strong>pomario</strong></span> <span class='ocrx_word' id='word_1_256' title='bbox 863 4273 976 4330; x_wconf 80' lang='lat' dir='ltr'><strong>arbores</strong></span> <span class='ocrx_word' id='word_1_257' title='bbox 996 4271 1149 4329; x_wconf 83' lang='lat' dir='ltr'><strong>tructileras</strong></span> <span class='ocrx_word' id='word_1_258' title='bbox 1168 4286 1224 4327; x_wconf 80' lang='lat' dir='ltr'><strong>ex-</strong></span> 
     </span>
    </p>
   </div>
   <div class='ocr_carea' id='block_1_13' title="bbox 89 4370 646 4450">
    <p class='ocr_par' dir='ltr' id='par_1_17' title="bbox 89 4370 646 4450">
     <span class='ocr_line' id='line_1_38' title="bbox 89 4370 646 4450; baseline -0.005 -18"><span class='ocrx_word' id='word_1_259' title='bbox 89 4373 208 4450; x_wconf 61' lang='lat' dir='ltr'><strong>ciderim</strong></span> <span class='ocrx_word' id='word_1_260' title='bbox 227 4390 263 4434; x_wconf 85' lang='lat' dir='ltr'><strong>ex</strong></span> <span class='ocrx_word' id='word_1_261' title='bbox 282 4373 401 4448; x_wconf 85' lang='lat' dir='ltr'><strong>ejusdcm</strong></span> <span class='ocrx_word' id='word_1_262' title='bbox 420 4372 490 4431; x_wconf 88' lang='lat' dir='ltr'><strong>tituli</strong></span> <span class='ocrx_word' id='word_1_263' title='bbox 510 4371 599 4446; x_wconf 85' lang='lat' dir='ltr'><strong>capite</strong></span> <span class='ocrx_word' id='word_1_264' title='bbox 620 4370 646 4429; x_wconf 90' lang='grc'><strong>1.</strong></span> 
     </span>
    </p>
   </div>
   <div class='ocr_carea' id='block_1_14' title="bbox 0 0 1376 4898">
    <p class='ocr_par' dir='ltr' id='par_1_18' title="bbox 0 0 1376 4898">
     <span class='ocr_line' id='line_1_39' title="bbox 0 0 1376 4898; baseline 0 0"><span class='ocrx_word' id='word_1_265' title='bbox 0 0 1376 4898; x_wconf 95' lang='lat' dir='ltr'><strong> </strong></span> 
     </span>
    </p>
   </div>
  </div>
 </body>
</html>
