2722 4898
564 335 776 402 ..97-

173 510 265 582 Caput
283 508 443 568 liutran.
479 508 578 567 Causas
599 528 646 568 se-
749 512 988 587 „Wedcrspn'clst
1006 533 1061 590 epa
1077 518 1113 576 dc
1127 488 1241 579 nilon

135 605 222 662 eundum
240 605 351 678 majoris
365 605 541 677 judicantium
561 606 646 677 partis
697 608 773 664 unde
797 608 858 665 nint
884 609 936 666 laer
961 627 1014 684 agn
1040 615 1238 677 oodesturtel.

132 838 222 894 ennium
247 853 378 919 consensu
405 837 491 910 sopita
518 855 576 894 esse
603 837 709 895 dieitur.
752 840 837 907 Quum
863 841 933 897 enim
953 858 1045 900 coram
1071 844 1237 918 imperatore

133 933 245 989 lriderico
264 933 353 1004 primo
374 933 401 989 in
421 932 614 989 dubitationem
634 941 759 990 vocatum
779 934 876 1006 luerit,
902 936 928 992 in
948 937 1091 995 llenricum
1111 941 1238 1013 Leonem,

132 1028 200 1084 laesae
223 1028 368 1098 majestatis
392 1043 483 1097 reum,
513 1044 574 1083 narn
601 1033 678 1084 extra
704 1029 761 1100 ejus
791 1031 905 1102 patriam
934 1032 1043 1101 gravius
1068 1034 1132 1105 quid
1156 1037 1236 1093 stated

131 1128 207 1193 posset,
224 1122 375 1178 surrexisse
396 1121 430 1176 de
450 1120 540 1178 medio
555 1122 596 1177 vir
614 1121 720 1194 quidam
741 1123 839 1193 nobilis
860 1124 957 1196 fertur,
976 1133 1097 1198 paratum
1117 1145 1146 1184 se
1165 1146 1237 1200 pro-

130 1216 192 1272 lesos
213 1216 366 1273 certaminis
391 1215 514 1288 periculo
540 1217 610 1272 tueri
637 1217 766 1273 adversus
792 1234 978 1291 quemcunque
1000 1237 1121 1293 pugnare
1146 1240 1237 1280 secum

130 1312 250 1369 volantem:
281 1311 380 1382 „quod
404 1311 554 1383 Imperator
580 1311 725 1382 quemlibet
750 1313 900 1385 principem
925 1322 1017 1386 posset
1042 1332 1158 1374 evocare
1185 1333 1235 1390 pro

126 1405 203 1475 justitia
221 1407 255 1463 ad
271 1406 365 1462 looum
378 1420 561 1476 quemcunque
575 1405 669 1476 vellet,
689 1406 759 1462 intra
779 1406 908 1464 terminos
927 1409 968 1465 sui
988 1409 1095 1482 imperii
1115 1412 1237 1470 existen·

128 1498 182 1573 tea'';
200 1502 243 1558 cui
263 1516 343 1574 quum
363 1515 442 1556 nemo
462 1516 491 1555 se
512 1500 546 1557 ad
566 1499 743 1556 sustinendam
764 1518 822 1558 eam
835 1518 953 1574 pugnam
974 1505 1125 1577 obtulisset,
1145 1507 1236 1580 impo-
1306 1574 1312 1582 ⁵

127 1597 203 1652 aroris
222 1596 314 1653 edicto
334 1595 494 1650 sententiam
515 1594 595 1651 modo
616 1594 714 1651 dictam
734 1612 786 1667 pro
799 1598 861 1667 jure
881 1604 1014 1669 perpetuo
1033 1606 1157 1657 matutam
1177 1619 1236 1658 esse

128 1689 224 1754 (litus
249 1687 433 1760 nrenpecu
462 1688 488 1744 in
516 1689 615 1746 Claros.
642 1690 828 1763 Bajuariorum
859 1692 929 1763 apud
955 1694 1112 1766 Leipnita
1142 1696 1236 1768 script.

126 1783 213 1842 ιιιιιι.
238 1785 312 1840 lom.
325 1783 370 1853 ΙΙΙ,
389 1800 415 1855 p.
431 1782 487 1838 673
508 1784 525 1840 i.
540 1783 583 1851 l.).
624 1784 700 1839 Patet
720 1784 774 1854 hic,
799 1791 827 1840 ιιι
848 1785 874 1840 in
895 1786 981 1857 priori
1001 1787 1047 1843 illa
1068 1790 1169 1860 specie,
1189 1789 1236 1861 agi

125 1893 169 1949 aon,
186 1886 212 1936 ut
231 1878 314 1936 moris
334 1876 404 1949 apud
424 1878 616 1948 Francogallos
636 1883 705 1947 erat,
725 1878 759 1932 de
780 1880 941 1936 contumelia
962 1882 1119 1938 sententiam
1136 1883 1234 1939 dicen-

124 1972 175 2028 titas
190 1975 273 2044 illata,
293 1972 341 2029 sed
355 1971 388 2028 de
404 1972 561 2041 certamine,
581 1973 654 2043 cujus
674 1989 708 2028 ex
728 1979 802 2028 sorte
819 1974 864 2043 jas
884 1982 959 2032 certa
980 1976 1095 2033 nondum
1115 1993 1233 2035 consue-

123 2067 193 2124 tudine
211 2069 354 2137 firmatum,
374 2073 403 2122 ut
423 2073 556 2139 perpetuo
578 2067 691 2137 valeret,
712 2060 885 2126 statueretur.

180 2163 313 2234 Nusquam
334 2178 400 2218 vero
426 2162 453 2218 in
480 2161 571 2232 aliquo
597 2166 719 2216 veterum
747 2164 879 2219 annalium
905 2165 976 2222 libro
1002 2165 1091 2222 alioue
1117 2166 1234 2238 quodam

122 2271 190 2313 rerum
214 2264 352 2329 gestarum
378 2256 570 2325 instrumento,
595 2257 744 2327 cujusmodi
769 2257 796 2312 ia
821 2258 929 2331 scriptis
955 2261 1155 2331 perscrutandis
1180 2276 1234 2319 non

121 2352 230 2408 modicam
251 2352 316 2407 rnilai
330 2352 491 2423 palaestram
504 2338 625 2419 uindico,
645 2351 729 2405 ullum
747 2368 861 2423 unquam
874 2353 1016 2424 vestigium
1030 2354 1140 2426 olfendi,
1161 2356 1234 2427 quod

81 2496 84 2502 ι
119 2443 200 2503 odeat
218 2427 266 2504 suli
288 2461 479 2518 germanorum
499 2460 595 2515 regum
621 2445 736 2516 imperio
756 2447 830 2517 ipsos
850 2446 955 2518 judices
981 2448 1015 2504 de
1035 2449 1095 2505 latis
1115 2466 1165 2522 per
1185 2466 1233 2507 eos

118 2542 236 2598 muntiis
262 2541 298 2598 ad
320 2540 494 2614 judiciarium
520 2544 656 2596 certamen
682 2547 861 2611 provocatos,
887 2548 932 2597 aut
958 2540 1159 2614 pugnam'vere
1179 2544 1232 2601 ad·

119 2649 193 2692 tersus
212 2653 260 2696 eos
281 2641 434 2692 consertam
455 2650 524 2691 essa.

176 2733 292 2801 Quinet
311 2745 457 2802 nugarum,
485 2729 579 2801 quibus
599 2728 715 2784 refertus
736 2735 777 2785 est
797 2730 940 2786 saxonicus
960 2731 1045 2802 liber,
1072 2731 1233 2804 ineptiorem

118 2823 186 2882 ιιιιιιι·
206 2826 328 2898 proferri
348 2825 444 2881 nullam
465 2825 601 2896 potuisse,
625 2839 702 2894 quam
722 2823 795 2894 quod
816 2824 958 2895 septuplioi
979 2826 1118 2881 commisso
1139 2834 1232 2884 certa-

117 2920 169 2978 nine
182 2922 282 2978 dictum
303 2927 344 2976 est
364 2918 525 2992 explurium
540 2919 661 2990 pugilum
676 2918 790 2973 victoria
803 2920 847 2990 jus
867 2919 894 2974 in
914 2920 1123 2991 appellationum
1144 2922 1232 2978 causis

116 3010 234 3073 definitum
251 3031 326 3085 esse3
346 3031 405 3071 nam
418 3013 551 3086 proelium
565 3013 618 3069 hoc
631 3012 733 3082 luisset,
748 3028 802 3069 non
816 3013 874 3083 nei,
889 3014 962 3086 quod
977 3014 1077 3086 dicunt,
1092 3015 1232 3086 judicium.

115 3105 203 3167 llinime
222 3117 311 3168 tamen
332 3109 427 3165 infitias
447 3109 509 3177 ibo,
529 3122 715 3179 nonnunquam
733 3107 831 3164 laetam
852 3125 926 3180 esse,
947 3115 976 3165 ιιι
996 3110 1083 3166 minor
1102 3108 1164 3182 pars
1181 3113 1232 3184 ju-

114 3200 186 3263 dicum
207 3206 273 3262 uicti
294 3220 401 3260 causam
427 3203 516 3259 armis·
533 3201 656 3257 tuendam
683 3203 849 3274 susceperit,
877 3204 925 3259 aad
951 3204 1017 3260 belli
1043 3211 1071 3260 et
1097 3221 1233 3262 armorum

113 3293 151 3354 loo
165 3302 227 3372 jure
249 3299 359 3370 obtigit,
378 3315 429 3355 neo
449 3312 562 3368 unquam
586 3295 725 3351 custoditis
741 3296 880 3366 jndiciarii
901 3297 1062 3355 discriminis
1081 3298 1232 3355 solennita-

112 3390 284 3467 linquaque
305 3399 333 3448 ιιι
353 3393 532 3460 obtineretur,
551 3390 599 3446 sed
619 3397 647 3445 ιιι
668 3390 840 3460 lrangeretnr
860 3392 902 3447 rei
918 3392 1055 3463 judicatae
1076 3393 1232 3448 auctoritas.

111 3484 206 3546 lantum
232 3489 302 3545 euim
328 3487 445 3543 nondum
471 3484 590 3555 stabilia
604 3491 747 3561 perpetua
772 3486 879 3557 imperii
903 3500 970 3557 paee
997 3485 1149 3565 libertatem
1170 3502 1231 3543 ma-

106 3579 168 3648 iores
192 3583 279 3641 nostri
306 3581 485 3653 affectabant,
511 3586 539 3635 ut
564 3578 730 3659 quonium
757 3595 891 3635 armorum
920 3578 1051 3635 exercitia
1075 3579 1231 3651 prolitentes
1303 3649 1305 3653 p

109 3676 220 3734 militaris
240 3694 306 3733 suae
327 3676 465 3747 dignitatis
486 3675 561 3763 quaqi
579 3648 729 3779 βψςιο
748 3690 778 3729 se
799 3674 838 3729 uti
858 3674 1056 3744 existimarent,
1079 3673 1113 3729 ad
1132 3673 1231 3744 priva·

108 3758 160 3844 tun,
181 3771 255 3844 quod
274 3771 331 3826 dici
350 3769 500 3838 consuevit,
519 3768 634 3837 trellum
631 3746 852 3841 prorumpentes,
872 3785 907 3825 na
925 3768 1080 3824 executioni
1100 3768 1231 3824 sententia

108 3866 277 3936 mandaretur,
298 3865 341 3920 cui
363 3880 521 3920 consensum
541 3863 592 3934 ipsi
613 3863 793 3919 accomodare
814 3863 967 3918 noluissent.
1006 3862 1089 3917 lmmo
1109 3862 1230 3919 saxonici

108 3962 200 4031 speculi
225 3961 309 4029 locis,
336 3945 483 4031 inquibus
509 3956 682 4012 discutiendis
707 3957 752 4018 laic
778 3972 932 4026 versamur,
958 3963 986 4012 et
1007 3957 1079 4027 justa
1099 3956 1231 4028 quaedam

108 4057 240 4112 saxonicae
267 4054 468 4109 consuetudinis
488 4051 644 4109 observatio
664 4052 749 4120 inest,
777 4066 908 4122 quamque
928 4066 961 4105 ne
982 4050 1103 4106 bavarici
1123 4050 1231 4122 quidem

107 4145 160 4205 libri
179 4150 296 4221 scriptor
317 4148 424 4203 silentio
445 4146 610 4203 condendam
632 4162 692 4200 esse
714 4145 796 4200 duxit.
838 4145 1005 4201 selectorum
1032 4143 1136 4199 scilicet
1151 4142 1229 4214 judi-

109 4256 158 4299 cum
178 4244 266 4301 officia
287 4260 302 4297 a
324 4243 507 4313 carolingicae
528 4240 619 4312 stirpis
638 4241 749 4310 regibus
775 4243 877 4294 constat
903 4237 1057 4294 introducta
1077 4255 1151 4308 esse,
1176 4254 1229 4295 non

110 4340 133 4391 ιι
149 4339 197 4395 soli
218 4339 327 4411 dejure
347 4336 552 4410 responderent,
572 4334 690 4391 exclusis
703 4334 806 4391 liberae
820 4331 983 4390 conditionis
998 4331 1229 4403 uitulaminum,

1008 4439 1024 4493 7
