<?xml version="1.0" encoding="UTF-8"?>
<!DOCTYPE html PUBLIC "-//W3C//DTD XHTML 1.0 Transitional//EN"
    "http://www.w3.org/TR/xhtml1/DTD/xhtml1-transitional.dtd">
<html xmlns="http://www.w3.org/1999/xhtml" xml:lang="en" lang="en">
 <head>
  <title>
</title>
<meta http-equiv="Content-Type" content="text/html;charset=utf-8" />
  <meta name='ocr-system' content='tesseract 3.04.00' />
  <meta name='ocr-capabilities' content='ocr_page ocr_carea ocr_par ocr_line ocrx_word'/>
</head>
<body>
  <div class='ocr_page' id='page_1' title='image "./desaxonicispecu00danigoog_0247.png"; bbox 0 0 2722 4898; ppageno 0'>
   <div class='ocr_carea' id='block_1_1' title="bbox 613 364 849 429">
    <p class='ocr_par' dir='ltr' id='par_1_1' title="bbox 613 364 849 429">
     <span class='ocr_line' id='line_1_1' title="bbox 613 364 849 429; baseline -0.017 -16"><span class='ocrx_word' id='word_1_1' title='bbox 613 364 849 429; x_wconf 71' lang='lat'>..242-</span> 
     </span>
    </p>
   </div>
   <div class='ocr_carea' id='block_1_2' title="bbox 165 535 1304 1183">
    <p class='ocr_par' dir='ltr' id='par_1_2' title="bbox 168 535 1301 885">
     <span class='ocr_line' id='line_1_2' title="bbox 221 535 1301 616; baseline -0.008 -15"><span class='ocrx_word' id='word_1_2' title='bbox 221 543 361 616; x_wconf 70' lang='lat' dir='ltr'><strong>Eligantur</strong></span> <span class='ocrx_word' id='word_1_3' title='bbox 381 539 408 598; x_wconf 90' lang='lat' dir='ltr'><strong>iu</strong></span> <span class='ocrx_word' id='word_1_4' title='bbox 429 535 642 615; x_wconf 80' lang='lat' dir='ltr'><strong>provincialibus</strong></span> <span class='ocrx_word' id='word_1_5' title='bbox 659 538 708 609; x_wconf 88' lang='lat' dir='ltr'><strong>ju·</strong></span> <span class='ocrx_word' id='word_1_6' title='bbox 761 537 839 594; x_wconf 83' lang='lat' dir='ltr'><strong>deme</strong></span> <span class='ocrx_word' id='word_1_7' title='bbox 851 535 1065 610; x_wconf 71' lang='lat' dir='ltr'><strong>tendapeltalcte</strong></span> <span class='ocrx_word' id='word_1_8' title='bbox 1078 535 1156 594; x_wconf 80' lang='lat' dir='ltr'><strong>tlrnn.</strong></span> <span class='ocrx_word' id='word_1_9' title='bbox 1170 553 1211 592; x_wconf 81' lang='lat' dir='ltr'><strong>aaa</strong></span> <span class='ocrx_word' id='word_1_10' title='bbox 1223 535 1301 592; x_wconf 82' lang='lat' dir='ltr'><strong>eries</strong></span> 
     </span>
     <span class='ocr_line' id='line_1_3' title="bbox 168 627 1010 706; baseline -0.013 -8"><span class='ocrx_word' id='word_1_11' title='bbox 168 641 246 698; x_wconf 80' lang='lat' dir='ltr'><strong>dietis</strong></span> <span class='ocrx_word' id='word_1_12' title='bbox 277 655 330 697; x_wconf 86' lang='lat' dir='ltr'><strong>uon</strong></span> <span class='ocrx_word' id='word_1_13' title='bbox 363 636 413 693; x_wconf 88' lang='lat' dir='ltr'><strong>nisi</strong></span> <span class='ocrx_word' id='word_1_14' title='bbox 446 635 526 692; x_wconf 86' lang='lat' dir='ltr'><strong>liberi</strong></span> <span class='ocrx_word' id='word_1_15' title='bbox 558 633 709 706; x_wconf 89' lang='lat' dir='ltr'><strong>principum</strong></span> <span class='ocrx_word' id='word_1_16' title='bbox 760 632 871 688; x_wconf 76' lang='lat' dir='ltr'><strong>mamis</strong></span> <span class='ocrx_word' id='word_1_17' title='bbox 885 627 1010 688; x_wconf 72' lang='lat' dir='ltr'><strong>rechte.’&#39;</strong></span> 
     </span>
     <span class='ocr_line' id='line_1_4' title="bbox 168 730 708 804; baseline -0.019 -12"><span class='ocrx_word' id='word_1_18' title='bbox 168 735 273 793; x_wconf 85' lang='lat' dir='ltr'><strong>subditi·</strong></span> <span class='ocrx_word' id='word_1_19' title='bbox 292 733 386 804; x_wconf 81' lang='lat' dir='ltr'><strong>quihus</strong></span> <span class='ocrx_word' id='word_1_20' title='bbox 412 730 566 802; x_wconf 87' lang='lat' dir='ltr'><strong>capitalium</strong></span> <span class='ocrx_word' id='word_1_21' title='bbox 596 732 708 784; x_wconf 77' lang='lat' dir='ltr'><strong>senteu-</strong></span> 
     </span>
     <span class='ocr_line' id='line_1_5' title="bbox 168 824 622 885; baseline -0.02 0"><span class='ocrx_word' id='word_1_22' title='bbox 168 831 265 885; x_wconf 90' lang='lat' dir='ltr'><strong>tiarum</strong></span> <span class='ocrx_word' id='word_1_23' title='bbox 286 826 411 883; x_wconf 81' lang='lat' dir='ltr'>executio</span> <span class='ocrx_word' id='word_1_24' title='bbox 432 824 622 880; x_wconf 75' lang='lat' dir='ltr'><strong>committatur.</strong></span> 
     </span>
    </p>

    <p class='ocr_par' dir='ltr' id='par_1_3' title="bbox 165 913 1304 1183">
     <span class='ocr_line' id='line_1_6' title="bbox 219 913 1302 991; baseline -0.008 -13"><span class='ocrx_word' id='word_1_25' title='bbox 219 925 355 991; x_wconf 81' lang='lat' dir='ltr'><strong>Quaenam</strong></span> <span class='ocrx_word' id='word_1_26' title='bbox 369 919 540 977; x_wconf 80' lang='lat' dir='ltr'><strong>solennitates</strong></span> <span class='ocrx_word' id='word_1_27' title='bbox 555 918 708 971; x_wconf 81' lang='lat' dir='ltr'><strong>observan—</strong></span> <span class='ocrx_word' id='word_1_28' title='bbox 812 916 871 985; x_wconf 88' lang='lat' dir='ltr'><strong>„So</strong></span> <span class='ocrx_word' id='word_1_29' title='bbox 892 916 938 970; x_wconf 91' lang='lat' dir='ltr'><strong>sol</strong></span> <span class='ocrx_word' id='word_1_30' title='bbox 961 915 1006 970; x_wconf 81' lang='lat' dir='ltr'><strong>ine</strong></span> <span class='ocrx_word' id='word_1_31' title='bbox 1032 916 1084 970; x_wconf 84' lang='lat' dir='ltr'><strong>der</strong></span> <span class='ocrx_word' id='word_1_32' title='bbox 1104 913 1229 969; x_wconf 68' lang='lat' dir='ltr'><strong>restitere</strong></span> <span class='ocrx_word' id='word_1_33' title='bbox 1250 932 1302 969; x_wconf 83' lang='lat' dir='ltr'><strong>rse-</strong></span> 
     </span>
     <span class='ocr_line' id='line_1_7' title="bbox 169 1008 1304 1084; baseline -0.008 -12"><span class='ocrx_word' id='word_1_34' title='bbox 169 1019 219 1074; x_wconf 89' lang='lat' dir='ltr'><strong>dae</strong></span> <span class='ocrx_word' id='word_1_35' title='bbox 241 1017 298 1071; x_wconf 83' lang='lat' dir='ltr'><strong>sint‘</strong></span> <span class='ocrx_word' id='word_1_36' title='bbox 316 1014 343 1070; x_wconf 92' lang='lat' dir='ltr'><strong>in</strong></span> <span class='ocrx_word' id='word_1_37' title='bbox 369 1011 526 1084; x_wconf 88' lang='lat' dir='ltr'><strong>recipiendo</strong></span> <span class='ocrx_word' id='word_1_38' title='bbox 546 1009 709 1083; x_wconf 78' lang='lat' dir='ltr'><strong>apparitoris</strong></span> <span class='ocrx_word' id='word_1_39' title='bbox 760 1027 823 1065; x_wconf 82' lang='lat' dir='ltr'><strong>mers</strong></span> <span class='ocrx_word' id='word_1_40' title='bbox 843 1009 871 1064; x_wconf 82' lang='lat' dir='ltr'><strong>bi</strong></span> <span class='ocrx_word' id='word_1_41' title='bbox 889 1011 940 1064; x_wconf 84' lang='lat' dir='ltr'><strong>der</strong></span> <span class='ocrx_word' id='word_1_42' title='bbox 955 1009 1024 1065; x_wconf 78' lang='lat' dir='ltr'><strong>tant</strong></span> <span class='ocrx_word' id='word_1_43' title='bbox 1044 1009 1118 1064; x_wconf 86' lang='lat' dir='ltr'><strong>unde</strong></span> <span class='ocrx_word' id='word_1_44' title='bbox 1139 1015 1237 1064; x_wconf 81' lang='lat' dir='ltr'><strong>setnen</strong></span> <span class='ocrx_word' id='word_1_45' title='bbox 1258 1008 1304 1064; x_wconf 79' lang='lat' dir='ltr'><strong>ine</strong></span> 
     </span>
     <span class='ocr_line' id='line_1_8' title="bbox 165 1103 1303 1183; baseline -0.008 -17"><span class='ocrx_word' id='word_1_46' title='bbox 165 1108 350 1183; x_wconf 86' lang='lat' dir='ltr'><strong>jurejurando.</strong></span> <span class='ocrx_word' id='word_1_47' title='bbox 761 1103 817 1175; x_wconf 83' lang='lat' dir='ltr'><strong>nplt</strong></span> <span class='ocrx_word' id='word_1_48' title='bbox 838 1120 889 1176; x_wconf 72' lang='lat' dir='ltr'><strong>eyn</strong></span> <span class='ocrx_word' id='word_1_49' title='bbox 910 1103 1014 1159; x_wconf 77' lang='lat' dir='ltr'><strong>tossen</strong></span> <span class='ocrx_word' id='word_1_50' title='bbox 1039 1105 1113 1159; x_wconf 81' lang='lat' dir='ltr'><strong>unde</strong></span> <span class='ocrx_word' id='word_1_51' title='bbox 1134 1103 1191 1174; x_wconf 83' lang='lat' dir='ltr'><strong>nplr</strong></span> <span class='ocrx_word' id='word_1_52' title='bbox 1212 1119 1303 1176; x_wconf 75' lang='lat' dir='ltr'><strong>cynon</strong></span> 
     </span>
    </p>
   </div>
   <div class='ocr_carea' id='block_1_3' title="bbox 173 1257 376 1268">
    <p class='ocr_par' dir='ltr' id='par_1_4' title="bbox 173 1257 376 1268">
     <span class='ocr_line' id='line_1_9' title="bbox 173 1257 376 1268; baseline -0.01 0"><span class='ocrx_word' id='word_1_53' title='bbox 173 1257 376 1268; x_wconf 71' lang='lat'><em>..-—------··-··</em></span> 
     </span>
    </p>
   </div>
   <div class='ocr_carea' id='block_1_4' title="bbox 104 1333 1334 4233">
    <p class='ocr_par' dir='ltr' id='par_1_5' title="bbox 104 1333 1334 4233">
     <span class='ocr_line' id='line_1_10' title="bbox 169 1333 1304 1407; baseline -0.007 -8"><span class='ocrx_word' id='word_1_54' title='bbox 169 1359 265 1401; x_wconf 72' lang='lat' dir='ltr'><strong>neuma</strong></span> <span class='ocrx_word' id='word_1_55' title='bbox 290 1340 352 1396; x_wconf 91' lang='lat' dir='ltr'><strong>anni</strong></span> <span class='ocrx_word' id='word_1_56' title='bbox 373 1337 430 1393; x_wconf 87' lang='lat'><strong>813</strong></span> <span class='ocrx_word' id='word_1_57' title='bbox 455 1334 706 1404; x_wconf 81' lang='lat' dir='ltr'><strong>c.13(l‘ernl,</strong></span> <span class='ocrx_word' id='word_1_58' title='bbox 732 1353 758 1407; x_wconf 92' lang='lat' dir='ltr'><strong>p.</strong></span> <span class='ocrx_word' id='word_1_59' title='bbox 780 1333 865 1402; x_wconf 82' lang='lat'>188):</span> <span class='ocrx_word' id='word_1_60' title='bbox 896 1333 951 1403; x_wconf 89' lang='lat' dir='ltr'><strong>„Ut</strong></span> <span class='ocrx_word' id='word_1_61' title='bbox 975 1333 1106 1390; x_wconf 89' lang='lat' dir='ltr'><strong>vicarii</strong></span> <span class='ocrx_word' id='word_1_62' title='bbox 1131 1350 1244 1391; x_wconf 88' lang='lat' dir='ltr'><strong>munera</strong></span> <span class='ocrx_word' id='word_1_63' title='bbox 1270 1353 1304 1390; x_wconf 92' lang='lat' dir='ltr'><strong>ne</strong></span> 
     </span>
     <span class='ocr_line' id='line_1_11' title="bbox 169 1427 1304 1508; baseline -0.005 -17"><span class='ocrx_word' id='word_1_64' title='bbox 169 1436 303 1508; x_wconf 89' lang='lat' dir='ltr'><strong>accipiant</strong></span> <span class='ocrx_word' id='word_1_65' title='bbox 328 1448 389 1507; x_wconf 91' lang='lat' dir='ltr'><strong>pro</strong></span> <span class='ocrx_word' id='word_1_66' title='bbox 413 1431 496 1487; x_wconf 91' lang='lat' dir='ltr'><strong>illos</strong></span> <span class='ocrx_word' id='word_1_67' title='bbox 521 1430 691 1500; x_wconf 88' lang='lat' dir='ltr'><strong>latrones,</strong></span> <span class='ocrx_word' id='word_1_68' title='bbox 722 1429 767 1499; x_wconf 84' lang='lat' dir='ltr'><strong>qui</strong></span> <span class='ocrx_word' id='word_1_69' title='bbox 793 1434 854 1484; x_wconf 87' lang='lat' dir='ltr'><strong>ante</strong></span> <span class='ocrx_word' id='word_1_70' title='bbox 880 1428 980 1484; x_wconf 89' lang='lat' dir='ltr'><strong>comite</strong></span> <span class='ocrx_word' id='word_1_71' title='bbox 1002 1427 1116 1498; x_wconf 83' lang='lat' dir='ltr'><strong>judicati</strong></span> <span class='ocrx_word' id='word_1_72' title='bbox 1143 1429 1244 1485; x_wconf 91' lang='lat' dir='ltr'><strong>luerint</strong></span> <span class='ocrx_word' id='word_1_73' title='bbox 1270 1429 1304 1485; x_wconf 89' lang='lat' dir='ltr'><strong>ad</strong></span> 
     </span>
     <span class='ocr_line' id='line_1_12' title="bbox 170 1522 1305 1596; baseline -0.007 -10"><span class='ocrx_word' id='word_1_74' title='bbox 170 1536 294 1586; x_wconf 83' lang='lat' dir='ltr'><strong>mortem.</strong></span> <span class='ocrx_word' id='word_1_75' title='bbox 333 1527 410 1594; x_wconf 83' lang='lat' dir='ltr'><strong>Quod</strong></span> <span class='ocrx_word' id='word_1_76' title='bbox 431 1526 453 1580; x_wconf 90' lang='lat' dir='ltr'><strong>si</strong></span> <span class='ocrx_word' id='word_1_77' title='bbox 472 1527 526 1581; x_wconf 87' lang='lat' dir='ltr'><strong>troc</strong></span> <span class='ocrx_word' id='word_1_78' title='bbox 546 1524 772 1596; x_wconf 74' lang='lat' dir='ltr'><strong>perpetraverint,</strong></span> <span class='ocrx_word' id='word_1_79' title='bbox 791 1523 846 1578; x_wconf 88' lang='lat' dir='ltr'><strong>tale</strong></span> <span class='ocrx_word' id='word_1_80' title='bbox 861 1522 992 1594; x_wconf 82' lang='lat' dir='ltr'><strong>judicium</strong></span> <span class='ocrx_word' id='word_1_81' title='bbox 1012 1523 1167 1592; x_wconf 77' lang='lat' dir='ltr'><strong>sustineant,</strong></span> <span class='ocrx_word' id='word_1_82' title='bbox 1187 1523 1257 1579; x_wconf 89' lang='lat' dir='ltr'><strong>sicut</strong></span> <span class='ocrx_word' id='word_1_83' title='bbox 1277 1530 1305 1578; x_wconf 92' lang='lat' dir='ltr'><strong>et</strong></span> 
     </span>
     <span class='ocr_line' id='line_1_13' title="bbox 169 1615 1306 1693; baseline -0.004 -14"><span class='ocrx_word' id='word_1_84' title='bbox 169 1625 240 1680; x_wconf 87' lang='lat' dir='ltr'><strong>latro</strong></span> <span class='ocrx_word' id='word_1_85' title='bbox 257 1622 392 1693; x_wconf 85' lang='lat' dir='ltr'><strong>judicatus</strong></span> <span class='ocrx_word' id='word_1_86' title='bbox 413 1619 461 1677; x_wconf 90' lang='lat' dir='ltr'><strong>luit</strong></span> <span class='ocrx_word' id='word_1_87' title='bbox 483 1618 566 1687; x_wconf 79' lang='lat' dir='ltr'><strong>[conl.</strong></span> <span class='ocrx_word' id='word_1_88' title='bbox 587 1615 649 1675; x_wconf 72' lang='lat' dir='ltr'><strong>ban</strong></span> <span class='ocrx_word' id='word_1_89' title='bbox 671 1617 735 1673; x_wconf 89' lang='lat' dir='ltr'><strong>libri</strong></span> <span class='ocrx_word' id='word_1_90' title='bbox 755 1633 778 1672; x_wconf 93' lang='lat' dir='ltr'><strong>c.</strong></span> <span class='ocrx_word' id='word_1_91' title='bbox 795 1616 851 1672; x_wconf 79' lang='lat'><strong>174</strong></span> <span class='ocrx_word' id='word_1_92' title='bbox 871 1618 976 1673; x_wconf 88' lang='lat' dir='ltr'><strong>verbis:</strong></span> <span class='ocrx_word' id='word_1_93' title='bbox 1003 1616 1116 1687; x_wconf 82' lang='lat' dir='ltr'><strong>„Suellr</strong></span> <span class='ocrx_word' id='word_1_94' title='bbox 1139 1617 1225 1674; x_wconf 85' lang='lat' dir='ltr'><strong>rilrter</strong></span> <span class='ocrx_word' id='word_1_95' title='bbox 1246 1617 1306 1674; x_wconf 84' lang='lat' dir='ltr'><strong>nint</strong></span> 
     </span>
     <span class='ocr_line' id='line_1_14' title="bbox 170 1711 1306 1786; baseline -0.005 -12"><span class='ocrx_word' id='word_1_96' title='bbox 170 1732 202 1773; x_wconf 86' lang='lat' dir='ltr'><strong>en</strong></span> <span class='ocrx_word' id='word_1_97' title='bbox 222 1716 305 1773; x_wconf 84' lang='lat' dir='ltr'><strong>rihtet</strong></span> <span class='ocrx_word' id='word_1_98' title='bbox 325 1712 426 1784; x_wconf 82' lang='lat' dir='ltr'><strong>etc.&#39;&#39;]3</strong></span> <span class='ocrx_word' id='word_1_99' title='bbox 452 1714 729 1786; x_wconf 88' lang='lat' dir='ltr'><strong>quiapostquam</strong></span> <span class='ocrx_word' id='word_1_100' title='bbox 755 1711 889 1767; x_wconf 87' lang='lat' dir='ltr'><strong>scabini</strong></span> <span class='ocrx_word' id='word_1_101' title='bbox 916 1728 986 1766; x_wconf 92' lang='lat' dir='ltr'><strong>eum</strong></span> <span class='ocrx_word' id='word_1_102' title='bbox 1007 1711 1306 1782; x_wconf 80' lang='lat' dir='ltr'><strong>dijudicaverint,</strong></span> 
     </span>
     <span class='ocr_line' id='line_1_15' title="bbox 169 1803 1305 1867; baseline -0.004 0"><span class='ocrx_word' id='word_1_103' title='bbox 169 1826 234 1867; x_wconf 90' lang='lat' dir='ltr'><strong>non</strong></span> <span class='ocrx_word' id='word_1_104' title='bbox 259 1816 311 1867; x_wconf 88' lang='lat' dir='ltr'><strong>est</strong></span> <span class='ocrx_word' id='word_1_105' title='bbox 336 1810 480 1866; x_wconf 91' lang='lat' dir='ltr'><strong>licentia</strong></span> <span class='ocrx_word' id='word_1_106' title='bbox 506 1807 642 1863; x_wconf 90' lang='lat' dir='ltr'><strong>comitis</strong></span> <span class='ocrx_word' id='word_1_107' title='bbox 662 1807 717 1862; x_wconf 87' lang='lat' dir='ltr'><strong>vel</strong></span> <span class='ocrx_word' id='word_1_108' title='bbox 739 1805 869 1862; x_wconf 84' lang='lat' dir='ltr'><strong>vicarii</strong></span> <span class='ocrx_word' id='word_1_109' title='bbox 893 1805 1050 1861; x_wconf 86' lang='lat' dir='ltr'><strong>civitam</strong></span> <span class='ocrx_word' id='word_1_110' title='bbox 1072 1803 1305 1863; x_wconf 80' lang='lat' dir='ltr'><strong>concedere”</strong></span> 
     </span>
     <span class='ocr_line' id='line_1_16' title="bbox 247 1899 1307 1975; baseline -0.004 -15"><span class='ocrx_word' id='word_1_111' title='bbox 247 1903 339 1961; x_wconf 80' lang='lat' dir='ltr'><strong>Verba</strong></span> <span class='ocrx_word' id='word_1_112' title='bbox 353 1905 470 1975; x_wconf 90' lang='lat' dir='ltr'><strong>inhujus</strong></span> <span class='ocrx_word' id='word_1_113' title='bbox 485 1901 644 1974; x_wconf 89' lang='lat' dir='ltr'><strong>capitisline</strong></span> <span class='ocrx_word' id='word_1_114' title='bbox 659 1901 760 1973; x_wconf 91' lang='lat' dir='ltr'><strong>posita:</strong></span> <span class='ocrx_word' id='word_1_115' title='bbox 781 1899 844 1970; x_wconf 88' lang='lat' dir='ltr'><strong>„diu</strong></span> <span class='ocrx_word' id='word_1_116' title='bbox 865 1900 943 1956; x_wconf 86' lang='lat' dir='ltr'><strong>reoltt</strong></span> <span class='ocrx_word' id='word_1_117' title='bbox 961 1901 1019 1956; x_wconf 89' lang='lat' dir='ltr'><strong>svln</strong></span> <span class='ocrx_word' id='word_1_118' title='bbox 1040 1902 1063 1956; x_wconf 90' lang='lat' dir='ltr'><strong>si</strong></span> <span class='ocrx_word' id='word_1_119' title='bbox 1077 1901 1166 1956; x_wconf 84' lang='lat' dir='ltr'><strong>haben</strong></span> <span class='ocrx_word' id='word_1_120' title='bbox 1185 1902 1211 1957; x_wconf 90' lang='lat' dir='ltr'><strong>in</strong></span> <span class='ocrx_word' id='word_1_121' title='bbox 1234 1902 1307 1957; x_wconf 91' lang='lat' dir='ltr'><strong>allen</strong></span> 
     </span>
     <span class='ocr_line' id='line_1_17' title="bbox 170 1994 1334 2068; baseline -0.005 -12"><span class='ocrx_word' id='word_1_122' title='bbox 170 1999 291 2056; x_wconf 84' lang='lat' dir='ltr'><strong>tisaclren</strong></span> <span class='ocrx_word' id='word_1_123' title='bbox 304 1995 430 2068; x_wconf 77' lang='lat' dir='ltr'><strong>landen&#39;&#39;,</strong></span> <span class='ocrx_word' id='word_1_124' title='bbox 450 2013 502 2052; x_wconf 93' lang='lat' dir='ltr'><strong>non</strong></span> <span class='ocrx_word' id='word_1_125' title='bbox 523 1996 657 2068; x_wconf 87' lang='lat' dir='ltr'><strong>pertinent</strong></span> <span class='ocrx_word' id='word_1_126' title='bbox 677 1994 712 2051; x_wconf 91' lang='lat' dir='ltr'><strong>ad</strong></span> <span class='ocrx_word' id='word_1_127' title='bbox 732 1994 821 2050; x_wconf 87' lang='lat' dir='ltr'><strong>locum</strong></span> <span class='ocrx_word' id='word_1_128' title='bbox 841 2011 921 2066; x_wconf 90' lang='lat' dir='ltr'><strong>supra</strong></span> <span class='ocrx_word' id='word_1_129' title='bbox 943 1995 1055 2051; x_wconf 90' lang='lat' dir='ltr'><strong>relatum</strong></span> <span class='ocrx_word' id='word_1_130' title='bbox 1076 1995 1110 2050; x_wconf 92' lang='lat' dir='ltr'><strong>de</strong></span> <span class='ocrx_word' id='word_1_131' title='bbox 1132 1995 1186 2051; x_wconf 83' lang='lat' dir='ltr'><strong>sita</strong></span> <span class='ocrx_word' id='word_1_132' title='bbox 1206 1996 1307 2068; x_wconf 88' lang='lat' dir='ltr'><strong>capitis</strong></span> <span class='ocrx_word' id='word_1_133' title='bbox 1329 2026 1334 2034; x_wconf 91' lang='lat'>·</span> 
     </span>
     <span class='ocr_line' id='line_1_18' title="bbox 173 2089 1307 2160; baseline -0.004 -11"><span class='ocrx_word' id='word_1_134' title='bbox 173 2094 296 2149; x_wconf 89' lang='lat' dir='ltr'><strong>damnato</strong></span> <span class='ocrx_word' id='word_1_135' title='bbox 317 2091 505 2159; x_wconf 90' lang='lat' dir='ltr'><strong>concedenda,</strong></span> <span class='ocrx_word' id='word_1_136' title='bbox 527 2089 575 2145; x_wconf 90' lang='lat' dir='ltr'><strong>sed</strong></span> <span class='ocrx_word' id='word_1_137' title='bbox 596 2091 665 2145; x_wconf 90' lang='lat' dir='ltr'><strong>male</strong></span> <span class='ocrx_word' id='word_1_138' title='bbox 684 2090 728 2145; x_wconf 88' lang='lat' dir='ltr'><strong>lric</strong></span> <span class='ocrx_word' id='word_1_139' title='bbox 748 2089 848 2145; x_wconf 89' lang='lat' dir='ltr'><strong>inserta</strong></span> <span class='ocrx_word' id='word_1_140' title='bbox 869 2094 929 2145; x_wconf 91' lang='lat' dir='ltr'><strong>sunt</strong></span> <span class='ocrx_word' id='word_1_141' title='bbox 949 2106 984 2145; x_wconf 84' lang='lat' dir='ltr'><strong>ex</strong></span> <span class='ocrx_word' id='word_1_142' title='bbox 1004 2089 1126 2160; x_wconf 83' lang='lat' dir='ltr'><strong>margine</strong></span> <span class='ocrx_word' id='word_1_143' title='bbox 1147 2091 1307 2160; x_wconf 85' lang='lat' dir='ltr'><strong>uerborum,</strong></span> 
     </span>
     <span class='ocr_line' id='line_1_19' title="bbox 172 2178 1305 2258; baseline -0.003 -15"><span class='ocrx_word' id='word_1_144' title='bbox 172 2187 304 2258; x_wconf 82' lang='lat' dir='ltr'><strong>aquibus</strong></span> <span class='ocrx_word' id='word_1_145' title='bbox 323 2186 419 2257; x_wconf 83' lang='lat' dir='ltr'><strong>insipit</strong></span> <span class='ocrx_word' id='word_1_146' title='bbox 437 2191 531 2241; x_wconf 88' lang='lat' dir='ltr'><strong>noster</strong></span> <span class='ocrx_word' id='word_1_147' title='bbox 551 2185 640 2239; x_wconf 90' lang='lat' dir='ltr'><strong>loeus:</strong></span> <span class='ocrx_word' id='word_1_148' title='bbox 668 2185 767 2254; x_wconf 81' lang='lat' dir='ltr'><strong>„suar</strong></span> <span class='ocrx_word' id='word_1_149' title='bbox 787 2199 837 2239; x_wconf 88' lang='lat' dir='ltr'><strong>vor</strong></span> <span class='ocrx_word' id='word_1_150' title='bbox 858 2178 943 2241; x_wconf 84' lang='lat' dir='ltr'><strong>deme‘</strong></span> <span class='ocrx_word' id='word_1_151' title='bbox 955 2184 1031 2239; x_wconf 87' lang='lat' dir='ltr'><strong>riche</strong></span> <span class='ocrx_word' id='word_1_152' title='bbox 1051 2184 1115 2239; x_wconf 87' lang='lat' dir='ltr'><strong>wirt</strong></span> <span class='ocrx_word' id='word_1_153' title='bbox 1136 2185 1305 2241; x_wconf 83' lang='lat' dir='ltr'><strong>serurteilet.</strong></span> 
     </span>
     <span class='ocr_line' id='line_1_20' title="bbox 170 2266 1261 2430; baseline -0.003 -93"><span class='ocrx_word' id='word_1_154' title='bbox 170 2266 335 2430; x_wconf 32' lang='lat' dir='ltr'><strong>uberl&#39;sseu</strong></span> <span class='ocrx_word' id='word_1_155' title='bbox 354 2281 406 2335; x_wconf 91' lang='lat' dir='ltr'><strong>sol</strong></span> <span class='ocrx_word' id='word_1_156' title='bbox 427 2280 558 2335; x_wconf 89' lang='lat' dir='ltr'><strong>nieman</strong></span> <span class='ocrx_word' id='word_1_157' title='bbox 578 2278 697 2334; x_wconf 87' lang='lat' dir='ltr'><strong>rilrten</strong></span> <span class='ocrx_word' id='word_1_158' title='bbox 719 2294 788 2334; x_wconf 87' lang='lat' dir='ltr'><strong>wan</strong></span> <span class='ocrx_word' id='word_1_159' title='bbox 810 2278 870 2333; x_wconf 93' lang='lat' dir='ltr'><strong>der</strong></span> <span class='ocrx_word' id='word_1_160' title='bbox 890 2278 989 2333; x_wconf 79' lang='lat' dir='ltr'><strong>relate</strong></span> <span class='ocrx_word' id='word_1_161' title='bbox 1013 2278 1112 2335; x_wconf 78' lang='lat' dir='ltr'><strong>irone</strong></span> <span class='ocrx_word' id='word_1_162' title='bbox 1132 2275 1261 2334; x_wconf 84' lang='lat' dir='ltr'><strong>botte.&#39;&#39;</strong></span> 
     </span>
     <span class='ocr_line' id='line_1_21' title="bbox 245 2354 1308 2444; baseline -0.001 -13"><span class='ocrx_word' id='word_1_163' title='bbox 245 2354 323 2431; x_wconf 65' lang='lat' dir='ltr'><strong>dlus</strong></span> <span class='ocrx_word' id='word_1_164' title='bbox 337 2374 464 2444; x_wconf 90' lang='lat' dir='ltr'><strong>deinceps</strong></span> <span class='ocrx_word' id='word_1_165' title='bbox 482 2373 558 2443; x_wconf 86' lang='lat' dir='ltr'><strong>hujus</strong></span> <span class='ocrx_word' id='word_1_166' title='bbox 575 2371 630 2427; x_wconf 90' lang='lat' dir='ltr'><strong>loci</strong></span> <span class='ocrx_word' id='word_1_167' title='bbox 644 2371 742 2441; x_wconf 88' lang='lat' dir='ltr'><strong>lector,</strong></span> <span class='ocrx_word' id='word_1_168' title='bbox 764 2388 822 2427; x_wconf 90' lang='lat' dir='ltr'><strong>cum</strong></span> <span class='ocrx_word' id='word_1_169' title='bbox 843 2388 895 2427; x_wconf 90' lang='lat' dir='ltr'><strong>non</strong></span> <span class='ocrx_word' id='word_1_170' title='bbox 916 2373 1066 2444; x_wconf 86' lang='lat' dir='ltr'><strong>ubicunque</strong></span> <span class='ocrx_word' id='word_1_171' title='bbox 1086 2373 1308 2443; x_wconf 82' lang='lat' dir='ltr'><strong>intelligerentur</strong></span> 
     </span>
     <span class='ocr_line' id='line_1_22' title="bbox 171 2463 1309 2539; baseline -0.001 -13"><span class='ocrx_word' id='word_1_172' title='bbox 171 2468 319 2533; x_wconf 83' lang='lat' dir='ltr'><strong>vocabula:</strong></span> <span class='ocrx_word' id='word_1_173' title='bbox 340 2467 409 2537; x_wconf 82' lang='lat' dir='ltr'><strong>„der</strong></span> <span class='ocrx_word' id='word_1_174' title='bbox 430 2466 550 2523; x_wconf 85' lang='lat' dir='ltr'><strong>rechte</strong></span> <span class='ocrx_word' id='word_1_175' title='bbox 569 2466 672 2522; x_wconf 86' lang='lat' dir='ltr'><strong>lronc</strong></span> <span class='ocrx_word' id='word_1_176' title='bbox 692 2463 818 2535; x_wconf 72' lang='lat' dir='ltr'><strong>hotte&#39;“,</strong></span> <span class='ocrx_word' id='word_1_177' title='bbox 839 2466 1027 2537; x_wconf 84' lang='lat' dir='ltr'><strong>explicationis</strong></span> <span class='ocrx_word' id='word_1_178' title='bbox 1042 2482 1122 2523; x_wconf 91' lang='lat' dir='ltr'><strong>causa</strong></span> <span class='ocrx_word' id='word_1_179' title='bbox 1137 2467 1165 2522; x_wconf 90' lang='lat' dir='ltr'><strong>iu</strong></span> <span class='ocrx_word' id='word_1_180' title='bbox 1181 2468 1309 2539; x_wconf 79' lang='lat' dir='ltr'><strong>margine</strong></span> 
     </span>
     <span class='ocr_line' id='line_1_23' title="bbox 156 2544 1310 2633; baseline 0 -14"><span class='ocrx_word' id='word_1_181' title='bbox 156 2546 284 2633; x_wconf 66' lang='lat' dir='ltr'><strong>&#39;luteum</strong></span> <span class='ocrx_word' id='word_1_182' title='bbox 306 2560 402 2632; x_wconf 83' lang='lat' dir='ltr'><strong>„lltrra</strong></span> <span class='ocrx_word' id='word_1_183' title='bbox 416 2560 539 2616; x_wconf 87' lang='lat' dir='ltr'><strong>hcinzent</strong></span> <span class='ocrx_word' id='word_1_184' title='bbox 554 2559 578 2615; x_wconf 91' lang='lat' dir='ltr'><strong>si</strong></span> <span class='ocrx_word' id='word_1_185' title='bbox 593 2561 687 2616; x_wconf 88' lang='lat' dir='ltr'><strong>rihter.</strong></span> <span class='ocrx_word' id='word_1_186' title='bbox 710 2568 780 2617; x_wconf 85' lang='lat' dir='ltr'><strong>elwa</strong></span> <span class='ocrx_word' id='word_1_187' title='bbox 795 2544 944 2630; x_wconf 56' lang='lat' dir='ltr'><strong>gehivtele.&#39;</strong></span> <span class='ocrx_word' id='word_1_188' title='bbox 959 2567 1029 2617; x_wconf 85' lang='lat' dir='ltr'><strong>etue</strong></span> <span class='ocrx_word' id='word_1_189' title='bbox 1043 2561 1218 2618; x_wconf 83' lang='lat' dir='ltr'><strong>stokuerter.</strong></span> <span class='ocrx_word' id='word_1_190' title='bbox 1236 2568 1310 2619; x_wconf 83' lang='lat' dir='ltr'><strong>elwa</strong></span> 
     </span>
     <span class='ocr_line' id='line_1_24' title="bbox 129 2626 1310 2728; baseline 0.001 -15"><span class='ocrx_word' id='word_1_191' title='bbox 129 2626 137 2663; x_wconf 52' lang='lat'>⁹</span> <span class='ocrx_word' id='word_1_192' title='bbox 171 2651 296 2713; x_wconf 76' lang='lat' dir='ltr'><strong>andem.&#39;&#39;</strong></span> <span class='ocrx_word' id='word_1_193' title='bbox 316 2654 369 2710; x_wconf 88' lang='lat' dir='ltr'><strong>llas</strong></span> <span class='ocrx_word' id='word_1_194' title='bbox 380 2669 447 2712; x_wconf 84' lang='lat' dir='ltr'><strong>vero</strong></span> <span class='ocrx_word' id='word_1_195' title='bbox 461 2654 581 2710; x_wconf 83' lang='lat' dir='ltr'><strong>inventas</strong></span> <span class='ocrx_word' id='word_1_196' title='bbox 595 2654 780 2711; x_wconf 88' lang='lat' dir='ltr'><strong>adnotationes</strong></span> <span class='ocrx_word' id='word_1_197' title='bbox 794 2655 903 2711; x_wconf 88' lang='lat' dir='ltr'><strong>inverso</strong></span> <span class='ocrx_word' id='word_1_198' title='bbox 918 2654 1012 2711; x_wconf 91' lang='lat' dir='ltr'><strong>ordine</strong></span> <span class='ocrx_word' id='word_1_199' title='bbox 1026 2655 1222 2728; x_wconf 88' lang='lat' dir='ltr'><strong>inscriptionis</strong></span> <span class='ocrx_word' id='word_1_200' title='bbox 1237 2673 1310 2714; x_wconf 90' lang='lat' dir='ltr'><strong>con-</strong></span> 
     </span>
     <span class='ocr_line' id='line_1_25' title="bbox 170 2748 1310 2822; baseline 0.002 -17"><span class='ocrx_word' id='word_1_201' title='bbox 170 2749 273 2805; x_wconf 90' lang='lat' dir='ltr'><strong>titruum</strong></span> <span class='ocrx_word' id='word_1_202' title='bbox 291 2754 415 2805; x_wconf 89' lang='lat' dir='ltr'><strong>tenorem</strong></span> <span class='ocrx_word' id='word_1_203' title='bbox 438 2749 573 2821; x_wconf 88' lang='lat' dir='ltr'><strong>posterior</strong></span> <span class='ocrx_word' id='word_1_204' title='bbox 594 2748 701 2820; x_wconf 91' lang='lat' dir='ltr'><strong>quidam</strong></span> <span class='ocrx_word' id='word_1_205' title='bbox 727 2749 844 2822; x_wconf 88' lang='lat' dir='ltr'><strong>scriptor</strong></span> <span class='ocrx_word' id='word_1_206' title='bbox 869 2749 995 2819; x_wconf 89' lang='lat' dir='ltr'><strong>inseruit,</strong></span> <span class='ocrx_word' id='word_1_207' title='bbox 1019 2755 1125 2819; x_wconf 89' lang='lat' dir='ltr'><strong>notam,</strong></span> <span class='ocrx_word' id='word_1_208' title='bbox 1149 2766 1219 2821; x_wconf 88' lang='lat' dir='ltr'><strong>quae</strong></span> <span class='ocrx_word' id='word_1_209' title='bbox 1237 2752 1310 2822; x_wconf 82' lang='lat' dir='ltr'><strong>juris</strong></span> 
     </span>
     <span class='ocr_line' id='line_1_26' title="bbox 171 2841 1309 2916; baseline 0.003 -18"><span class='ocrx_word' id='word_1_210' title='bbox 171 2843 322 2914; x_wconf 90' lang='lat' dir='ltr'><strong>adparitori</strong></span> <span class='ocrx_word' id='word_1_211' title='bbox 346 2843 524 2916; x_wconf 87' lang='lat' dir='ltr'><strong>competentis</strong></span> <span class='ocrx_word' id='word_1_212' title='bbox 549 2843 709 2905; x_wconf 85' lang='lat' dir='ltr'><strong>mentionem</strong></span> <span class='ocrx_word' id='word_1_213' title='bbox 734 2844 800 2898; x_wconf 90' lang='lat' dir='ltr'><strong>lacit</strong></span> <span class='ocrx_word' id='word_1_214' title='bbox 825 2842 924 2913; x_wconf 84' lang='lat' dir='ltr'><strong>(„din</strong></span> <span class='ocrx_word' id='word_1_215' title='bbox 949 2844 1026 2899; x_wconf 90' lang='lat' dir='ltr'><strong>reht</strong></span> <span class='ocrx_word' id='word_1_216' title='bbox 1050 2845 1108 2901; x_wconf 83' lang='lat' dir='ltr'><strong>srln</strong></span> <span class='ocrx_word' id='word_1_217' title='bbox 1133 2844 1157 2899; x_wconf 90' lang='lat' dir='ltr'><strong>si</strong></span> <span class='ocrx_word' id='word_1_218' title='bbox 1181 2841 1309 2913; x_wconf 85' lang='lat' dir='ltr'><strong>haben”)</strong></span> 
     </span>
     <span class='ocr_line' id='line_1_27' title="bbox 172 2936 1309 3010; baseline 0.003 -18"><span class='ocrx_word' id='word_1_219' title='bbox 172 2936 325 2993; x_wconf 82' lang='lat' dir='ltr'><strong>existimans</strong></span> <span class='ocrx_word' id='word_1_220' title='bbox 345 2937 381 2993; x_wconf 91' lang='lat' dir='ltr'><strong>ad</strong></span> <span class='ocrx_word' id='word_1_221' title='bbox 394 2936 483 2993; x_wconf 83' lang='lat' dir='ltr'><strong>&#39;verba</strong></span> <span class='ocrx_word' id='word_1_222' title='bbox 503 2944 604 2993; x_wconf 91' lang='lat' dir='ltr'><strong>tantum</strong></span> <span class='ocrx_word' id='word_1_223' title='bbox 624 2938 725 2994; x_wconf 90' lang='lat' dir='ltr'><strong>relerri</strong></span> <span class='ocrx_word' id='word_1_224' title='bbox 744 2952 840 3010; x_wconf 87' lang='lat' dir='ltr'><strong>posse:</strong></span> <span class='ocrx_word' id='word_1_225' title='bbox 861 2937 952 3008; x_wconf 89' lang='lat' dir='ltr'><strong>„vnde</strong></span> <span class='ocrx_word' id='word_1_226' title='bbox 973 2938 1017 2994; x_wconf 86' lang='lat' dir='ltr'><strong>iat</strong></span> <span class='ocrx_word' id='word_1_227' title='bbox 1036 2939 1087 2995; x_wconf 91' lang='lat' dir='ltr'><strong>sin</strong></span> <span class='ocrx_word' id='word_1_228' title='bbox 1107 2939 1213 2996; x_wconf 76' lang='lat' dir='ltr'><strong>rslrt.&#39;&#39;</strong></span> <span class='ocrx_word' id='word_1_229' title='bbox 1246 2941 1309 2996; x_wconf 83' lang='lat' dir='ltr'><strong>llo-</strong></span> 
     </span>
     <span class='ocr_line' id='line_1_28' title="bbox 171 3029 1309 3105; baseline 0.005 -20"><span class='ocrx_word' id='word_1_230' title='bbox 171 3035 226 3085; x_wconf 87' lang='lat' dir='ltr'><strong>tam</strong></span> <span class='ocrx_word' id='word_1_231' title='bbox 251 3030 377 3102; x_wconf 83' lang='lat' dir='ltr'><strong>deinceps</strong></span> <span class='ocrx_word' id='word_1_232' title='bbox 405 3029 589 3103; x_wconf 88' lang='lat' dir='ltr'><strong>adparitorum</strong></span> <span class='ocrx_word' id='word_1_233' title='bbox 613 3032 807 3104; x_wconf 88' lang='lat' dir='ltr'><strong>appellationes</strong></span> <span class='ocrx_word' id='word_1_234' title='bbox 832 3038 998 3105; x_wconf 80' lang='lat' dir='ltr'><strong>spectantem</strong></span> <span class='ocrx_word' id='word_1_235' title='bbox 1022 3031 1185 3104; x_wconf 76' lang='lat' dir='ltr'><strong>subjungens</strong></span> <span class='ocrx_word' id='word_1_236' title='bbox 1208 3034 1309 3104; x_wconf 84' lang='lat' dir='ltr'><strong>uerbo,</strong></span> 
     </span>
     <span class='ocr_line' id='line_1_29' title="bbox 173 3122 1308 3198; baseline 0.006 -21"><span class='ocrx_word' id='word_1_237' title='bbox 173 3123 216 3177; x_wconf 91' lang='lat' dir='ltr'><strong>eui</strong></span> <span class='ocrx_word' id='word_1_238' title='bbox 242 3124 401 3179; x_wconf 86' lang='lat' dir='ltr'><strong>conveniunt</strong></span> <span class='ocrx_word' id='word_1_239' title='bbox 427 3124 505 3194; x_wconf 90' lang='lat' dir='ltr'><strong>„der</strong></span> <span class='ocrx_word' id='word_1_240' title='bbox 532 3125 633 3180; x_wconf 80' lang='lat' dir='ltr'><strong>relate</strong></span> <span class='ocrx_word' id='word_1_241' title='bbox 660 3124 759 3180; x_wconf 90' lang='lat' dir='ltr'><strong>lrone</strong></span> <span class='ocrx_word' id='word_1_242' title='bbox 784 3122 901 3182; x_wconf 74' lang='lat' dir='ltr'><strong>botte&#39;&#39;</strong></span> <span class='ocrx_word' id='word_1_243' title='bbox 928 3141 1022 3182; x_wconf 91' lang='lat' dir='ltr'><strong>vocem</strong></span> <span class='ocrx_word' id='word_1_244' title='bbox 1049 3126 1123 3196; x_wconf 91' lang='lat' dir='ltr'><strong>„sin</strong></span> <span class='ocrx_word' id='word_1_245' title='bbox 1143 3125 1253 3198; x_wconf 80' lang='lat' dir='ltr'><strong>reeht”‚</strong></span> <span class='ocrx_word' id='word_1_246' title='bbox 1277 3134 1308 3184; x_wconf 89' lang='lat' dir='ltr'><strong>ut</strong></span> 
     </span>
     <span class='ocr_line' id='line_1_30' title="bbox 172 3215 1309 3291; baseline 0.004 -18"><span class='ocrx_word' id='word_1_247' title='bbox 172 3215 303 3273; x_wconf 70' lang='lat' dir='ltr'><strong>annuntia</strong></span> <span class='ocrx_word' id='word_1_248' title='bbox 332 3216 489 3273; x_wconf 88' lang='lat' dir='ltr'><strong>concinnior</strong></span> <span class='ocrx_word' id='word_1_249' title='bbox 519 3218 680 3275; x_wconf 86' lang='lat' dir='ltr'><strong>redderetur</strong></span> <span class='ocrx_word' id='word_1_250' title='bbox 706 3226 808 3276; x_wconf 90' lang='lat' dir='ltr'><strong>temere</strong></span> <span class='ocrx_word' id='word_1_251' title='bbox 837 3219 962 3289; x_wconf 84' lang='lat' dir='ltr'><strong>mutauit,</strong></span> <span class='ocrx_word' id='word_1_252' title='bbox 989 3221 1122 3277; x_wconf 85' lang='lat' dir='ltr'><strong>scribens:</strong></span> <span class='ocrx_word' id='word_1_253' title='bbox 1155 3221 1247 3291; x_wconf 79' lang='lat' dir='ltr'><strong>„unde</strong></span> <span class='ocrx_word' id='word_1_254' title='bbox 1273 3222 1309 3277; x_wconf 90' lang='lat' dir='ltr'><strong>ist</strong></span> 
     </span>
     <span class='ocr_line' id='line_1_31' title="bbox 173 3308 329 3366; baseline -0.006 0"><span class='ocrx_word' id='word_1_255' title='bbox 173 3309 203 3366; x_wconf 94' lang='lat' dir='ltr'><strong>ir</strong></span> <span class='ocrx_word' id='word_1_256' title='bbox 221 3308 329 3365; x_wconf 77' lang='lat' dir='ltr'><strong>reht.”</strong></span> 
     </span>
     <span class='ocr_line' id='line_1_32' title="bbox 250 3401 1309 3480; baseline 0.009 -22"><span class='ocrx_word' id='word_1_257' title='bbox 250 3401 400 3459; x_wconf 79' lang='lat' dir='ltr'><strong>saxonicus</strong></span> <span class='ocrx_word' id='word_1_258' title='bbox 418 3411 506 3461; x_wconf 87' lang='lat' dir='ltr'><strong>autem</strong></span> <span class='ocrx_word' id='word_1_259' title='bbox 525 3406 654 3479; x_wconf 86' lang='lat' dir='ltr'><strong>scriptor,</strong></span> <span class='ocrx_word' id='word_1_260' title='bbox 672 3407 763 3477; x_wconf 87' lang='lat' dir='ltr'><strong>homo,</strong></span> <span class='ocrx_word' id='word_1_261' title='bbox 783 3413 812 3462; x_wconf 91' lang='lat' dir='ltr'><strong>ut</strong></span> <span class='ocrx_word' id='word_1_262' title='bbox 828 3424 862 3462; x_wconf 85' lang='lat' dir='ltr'><strong>ex</strong></span> <span class='ocrx_word' id='word_1_263' title='bbox 878 3407 950 3463; x_wconf 89' lang='lat' dir='ltr'><strong>omni</strong></span> <span class='ocrx_word' id='word_1_264' title='bbox 966 3409 1023 3480; x_wconf 87' lang='lat' dir='ltr'><strong>ejus</strong></span> <span class='ocrx_word' id='word_1_265' title='bbox 1042 3407 1178 3464; x_wconf 88' lang='lat' dir='ltr'><strong>scribendi</strong></span> <span class='ocrx_word' id='word_1_266' title='bbox 1197 3410 1309 3467; x_wconf 88' lang='lat' dir='ltr'><strong>ratione</strong></span> 
     </span>
     <span class='ocr_line' id='line_1_33' title="bbox 104 3496 1308 3574; baseline 0.005 -20"><span class='ocrx_word' id='word_1_267' title='bbox 104 3526 107 3530; x_wconf 31' lang='lat'>⁸</span> <span class='ocrx_word' id='word_1_268' title='bbox 174 3502 295 3567; x_wconf 87' lang='lat' dir='ltr'><strong>constat,</strong></span> <span class='ocrx_word' id='word_1_269' title='bbox 315 3496 411 3568; x_wconf 86' lang='lat' dir='ltr'><strong>judicii</strong></span> <span class='ocrx_word' id='word_1_270' title='bbox 436 3500 543 3555; x_wconf 86' lang='lat' dir='ltr'><strong>omuino</strong></span> <span class='ocrx_word' id='word_1_271' title='bbox 569 3517 668 3572; x_wconf 81' lang='lat' dir='ltr'><strong>expers</strong></span> <span class='ocrx_word' id='word_1_272' title='bbox 692 3507 781 3556; x_wconf 89' lang='lat' dir='ltr'><strong>natum</strong></span> <span class='ocrx_word' id='word_1_273' title='bbox 808 3500 870 3557; x_wconf 89' lang='lat' dir='ltr'><strong>inde</strong></span> <span class='ocrx_word' id='word_1_274' title='bbox 890 3518 1013 3559; x_wconf 89' lang='lat' dir='ltr'><strong>errorem</strong></span> <span class='ocrx_word' id='word_1_275' title='bbox 1032 3518 1085 3559; x_wconf 90' lang='lat' dir='ltr'><strong>non</strong></span> <span class='ocrx_word' id='word_1_276' title='bbox 1106 3503 1308 3574; x_wconf 86' lang='lat' dir='ltr'><strong>animadvertit,</strong></span> 
     </span>
     <span class='ocr_line' id='line_1_34' title="bbox 173 3588 1307 3669; baseline 0.009 -22"><span class='ocrx_word' id='word_1_277' title='bbox 173 3606 240 3660; x_wconf 90' lang='lat' dir='ltr'><strong>nec,</strong></span> <span class='ocrx_word' id='word_1_278' title='bbox 260 3595 288 3646; x_wconf 92' lang='lat' dir='ltr'><strong>ut</strong></span> <span class='ocrx_word' id='word_1_279' title='bbox 306 3588 457 3661; x_wconf 79' lang='lat' dir='ltr'><strong>debuisset,</strong></span> <span class='ocrx_word' id='word_1_280' title='bbox 477 3594 598 3651; x_wconf 82' lang='lat' dir='ltr'><strong>correxit</strong></span> <span class='ocrx_word' id='word_1_281' title='bbox 617 3593 665 3650; x_wconf 92' lang='lat' dir='ltr'><strong>sed</strong></span> <span class='ocrx_word' id='word_1_282' title='bbox 683 3611 742 3651; x_wconf 91' lang='lat' dir='ltr'><strong>suas</strong></span> <span class='ocrx_word' id='word_1_283' title='bbox 762 3611 893 3668; x_wconf 79' lang='lat' dir='ltr'><strong>spargens</strong></span> <span class='ocrx_word' id='word_1_284' title='bbox 915 3597 1006 3669; x_wconf 88' lang='lat' dir='ltr'><strong>copias</strong></span> <span class='ocrx_word' id='word_1_285' title='bbox 1025 3596 1205 3669; x_wconf 88' lang='lat' dir='ltr'><strong>peritioribus</strong></span> <span class='ocrx_word' id='word_1_286' title='bbox 1224 3599 1307 3659; x_wconf 79' lang='lat' dir='ltr'><strong>lucat-</strong></span> 
     </span>
     <span class='ocr_line' id='line_1_35' title="bbox 173 3683 1307 3762; baseline 0.01 -23"><span class='ocrx_word' id='word_1_287' title='bbox 173 3683 317 3739; x_wconf 89' lang='lat' dir='ltr'><strong>lentiorcm</strong></span> <span class='ocrx_word' id='word_1_288' title='bbox 347 3683 427 3754; x_wconf 78' lang='lat' dir='ltr'><strong>lecit3</strong></span> <span class='ocrx_word' id='word_1_289' title='bbox 461 3700 520 3739; x_wconf 87' lang='lat' dir='ltr'><strong>narn</strong></span> <span class='ocrx_word' id='word_1_290' title='bbox 551 3685 629 3756; x_wconf 89' lang='lat' dir='ltr'><strong>plura</strong></span> <span class='ocrx_word' id='word_1_291' title='bbox 658 3689 758 3745; x_wconf 90' lang='lat' dir='ltr'><strong>addens</strong></span> <span class='ocrx_word' id='word_1_292' title='bbox 787 3691 980 3760; x_wconf 89' lang='lat' dir='ltr'><strong>emolumenta,</strong></span> <span class='ocrx_word' id='word_1_293' title='bbox 1011 3689 1213 3762; x_wconf 88' lang='lat' dir='ltr'><strong>adparitoribus</strong></span> <span class='ocrx_word' id='word_1_294' title='bbox 1245 3693 1307 3750; x_wconf 88' lang='lat' dir='ltr'><strong>hinc</strong></span> 
     </span>
     <span class='ocr_line' id='line_1_36' title="bbox 174 3775 1306 3856; baseline 0.008 -23"><span class='ocrx_word' id='word_1_295' title='bbox 174 3775 237 3833; x_wconf 84' lang='lat' dir='ltr'><strong>iuda</strong></span> <span class='ocrx_word' id='word_1_296' title='bbox 257 3775 285 3833; x_wconf 88' lang='lat' dir='ltr'><strong>in</strong></span> <span class='ocrx_word' id='word_1_297' title='bbox 303 3776 514 3848; x_wconf 88' lang='lat' dir='ltr'><strong>provincialibus</strong></span> <span class='ocrx_word' id='word_1_298' title='bbox 530 3777 759 3849; x_wconf 86' lang='lat' dir='ltr'><strong>jurisdictionibus</strong></span> <span class='ocrx_word' id='word_1_299' title='bbox 780 3784 970 3856; x_wconf 72' lang='lat' dir='ltr'><strong>conpetentis,</strong></span> <span class='ocrx_word' id='word_1_300' title='bbox 991 3784 1067 3841; x_wconf 90' lang='lat' dir='ltr'><strong>simul</strong></span> <span class='ocrx_word' id='word_1_301' title='bbox 1087 3800 1147 3841; x_wconf 90' lang='lat' dir='ltr'><strong>cum</strong></span> <span class='ocrx_word' id='word_1_302' title='bbox 1166 3785 1244 3842; x_wconf 84' lang='lat' dir='ltr'><strong>hisce</strong></span> <span class='ocrx_word' id='word_1_303' title='bbox 1264 3803 1306 3856; x_wconf 87' lang='lat' dir='ltr'><strong>ea,</strong></span> 
     </span>
     <span class='ocr_line' id='line_1_37' title="bbox 175 3869 1304 3950; baseline 0.011 -27"><span class='ocrx_word' id='word_1_304' title='bbox 175 3884 243 3940; x_wconf 84' lang='lat' dir='ltr'><strong>quas</strong></span> <span class='ocrx_word' id='word_1_305' title='bbox 263 3875 293 3925; x_wconf 92' lang='lat' dir='ltr'><strong>nt</strong></span> <span class='ocrx_word' id='word_1_306' title='bbox 312 3869 407 3939; x_wconf 88' lang='lat' dir='ltr'><strong>docui,</strong></span> <span class='ocrx_word' id='word_1_307' title='bbox 433 3871 475 3926; x_wconf 85' lang='lat' dir='ltr'><strong>ad</strong></span> <span class='ocrx_word' id='word_1_308' title='bbox 492 3872 599 3945; x_wconf 88' lang='lat' dir='ltr'><strong>imperii</strong></span> <span class='ocrx_word' id='word_1_309' title='bbox 619 3873 748 3930; x_wconf 76' lang='lat' dir='ltr'><strong>duntaxat</strong></span> <span class='ocrx_word' id='word_1_310' title='bbox 770 3878 955 3935; x_wconf 84' lang='lat' dir='ltr'><strong>marescallum</strong></span> <span class='ocrx_word' id='word_1_311' title='bbox 975 3879 1124 3950; x_wconf 89' lang='lat' dir='ltr'><strong>pertinent,</strong></span> <span class='ocrx_word' id='word_1_312' title='bbox 1150 3879 1304 3937; x_wconf 87' lang='lat' dir='ltr'><strong>stultissime</strong></span> 
     </span>
     <span class='ocr_line' id='line_1_38' title="bbox 175 3961 470 4036; baseline 0.007 -18"><span class='ocrx_word' id='word_1_313' title='bbox 175 3961 295 4019; x_wconf 89' lang='lat' dir='ltr'><strong>carnilici</strong></span> <span class='ocrx_word' id='word_1_314' title='bbox 315 3963 470 4036; x_wconf 87' lang='lat' dir='ltr'><strong>applicavit.</strong></span> 
     </span>
     <span class='ocr_line' id='line_1_39' title="bbox 252 4056 1302 4139; baseline 0.011 -28"><span class='ocrx_word' id='word_1_315' title='bbox 252 4056 316 4124; x_wconf 80' lang='lat' dir='ltr'><strong>Quis</strong></span> <span class='ocrx_word' id='word_1_316' title='bbox 341 4057 410 4113; x_wconf 88' lang='lat' dir='ltr'><strong>enim</strong></span> <span class='ocrx_word' id='word_1_317' title='bbox 435 4074 513 4116; x_wconf 87' lang='lat' dir='ltr'><strong>sanus</strong></span> <span class='ocrx_word' id='word_1_318' title='bbox 538 4061 618 4117; x_wconf 85' lang='lat' dir='ltr'><strong>homo</strong></span> <span class='ocrx_word' id='word_1_319' title='bbox 644 4062 758 4119; x_wconf 87' lang='lat' dir='ltr'><strong>animum</strong></span> <span class='ocrx_word' id='word_1_320' title='bbox 784 4064 904 4135; x_wconf 88' lang='lat' dir='ltr'><strong>inducat,</strong></span> <span class='ocrx_word' id='word_1_321' title='bbox 929 4082 962 4122; x_wconf 92' lang='lat' dir='ltr'><strong>an</strong></span> <span class='ocrx_word' id='word_1_322' title='bbox 983 4067 1080 4139; x_wconf 86' lang='lat' dir='ltr'><strong>capitis</strong></span> <span class='ocrx_word' id='word_1_323' title='bbox 1101 4067 1228 4124; x_wconf 87' lang='lat' dir='ltr'><strong>damnato</strong></span> <span class='ocrx_word' id='word_1_324' title='bbox 1249 4067 1302 4123; x_wconf 83' lang='lat' dir='ltr'><strong>sita</strong></span> 
     </span>
     <span class='ocr_line' id='line_1_40' title="bbox 175 4149 1303 4233; baseline 0.01 -28"><span class='ocrx_word' id='word_1_325' title='bbox 175 4149 287 4207; x_wconf 88' lang='lat' dir='ltr'><strong>concedi</strong></span> <span class='ocrx_word' id='word_1_326' title='bbox 307 4158 403 4223; x_wconf 89' lang='lat' dir='ltr'><strong>posset</strong></span> <span class='ocrx_word' id='word_1_327' title='bbox 423 4168 458 4208; x_wconf 86' lang='lat' dir='ltr'><strong>ex</strong></span> <span class='ocrx_word' id='word_1_328' title='bbox 477 4153 595 4223; x_wconf 89' lang='lat' dir='ltr'><strong>ejusdem</strong></span> <span class='ocrx_word' id='word_1_329' title='bbox 614 4156 684 4212; x_wconf 89' lang='lat' dir='ltr'><strong>illius</strong></span> <span class='ocrx_word' id='word_1_330' title='bbox 704 4156 866 4230; x_wconf 88' lang='lat' dir='ltr'><strong>adparitoris</strong></span> <span class='ocrx_word' id='word_1_331' title='bbox 885 4159 999 4217; x_wconf 84' lang='lat' dir='ltr'><strong>arbitrio</strong></span> <span class='ocrx_word' id='word_1_332' title='bbox 1018 4161 1134 4231; x_wconf 88' lang='lat' dir='ltr'><strong>stetisse,</strong></span> <span class='ocrx_word' id='word_1_333' title='bbox 1154 4163 1231 4233; x_wconf 79' lang='lat' dir='ltr'><strong>cuius</strong></span> <span class='ocrx_word' id='word_1_334' title='bbox 1250 4162 1303 4217; x_wconf 87' lang='lat' dir='ltr'><strong>vile</strong></span> 
     </span>
    </p>
   </div>
   <div class='ocr_carea' id='block_1_5' title="bbox 175 4243 1301 4413">
    <p class='ocr_par' dir='ltr' id='par_1_6' title="bbox 175 4243 1301 4413">
     <span class='ocr_line' id='line_1_41' title="bbox 175 4243 1301 4313; baseline 0.01 -13"><span class='ocrx_word' id='word_1_335' title='bbox 175 4243 291 4301; x_wconf 81' lang='lat' dir='ltr'><strong>officium</strong></span> <span class='ocrx_word' id='word_1_336' title='bbox 309 4246 476 4304; x_wconf 86' lang='lat' dir='ltr'><strong>renumerari</strong></span> <span class='ocrx_word' id='word_1_337' title='bbox 496 4248 599 4306; x_wconf 86' lang='lat' dir='ltr'><strong>aelebat</strong></span> <span class='ocrx_word' id='word_1_338' title='bbox 623 4251 758 4309; x_wconf 88' lang='lat' dir='ltr'><strong>concessis</strong></span> <span class='ocrx_word' id='word_1_339' title='bbox 783 4252 834 4309; x_wconf 85' lang='lat' dir='ltr'><strong>situ</strong></span> <span class='ocrx_word' id='word_1_340' title='bbox 858 4270 893 4311; x_wconf 83' lang='lat' dir='ltr'><strong>ex</strong></span> <span class='ocrx_word' id='word_1_341' title='bbox 913 4253 1068 4313; x_wconf 80' lang='lat' dir='ltr'><strong>vacmtibus</strong></span> <span class='ocrx_word' id='word_1_342' title='bbox 1087 4254 1209 4313; x_wconf 72' lang='lat' dir='ltr'><strong>defuncti</strong></span> <span class='ocrx_word' id='word_1_343' title='bbox 1229 4254 1301 4313; x_wconf 80' lang='lat' dir='ltr'><strong>tonis</strong></span> 
     </span>
     <span class='ocr_line' id='line_1_42' title="bbox 175 4337 672 4413; baseline 0.01 -17"><span class='ocrx_word' id='word_1_344' title='bbox 175 4337 346 4413; x_wconf 83' lang='lat' dir='ltr'><strong>quotidianae</strong></span> <span class='ocrx_word' id='word_1_345' title='bbox 365 4340 423 4413; x_wconf 79' lang='lat' dir='ltr'><strong>eius</strong></span> <span class='ocrx_word' id='word_1_346' title='bbox 442 4341 525 4401; x_wconf 86' lang='lat' dir='ltr'><strong>restis</strong></span> <span class='ocrx_word' id='word_1_347' title='bbox 544 4342 672 4403; x_wconf 80' lang='lat' dir='ltr'><strong>laciniis?</strong></span> 
     </span>
    </p>
   </div>
   <div class='ocr_carea' id='block_1_6' title="bbox 0 0 1371 4898">
    <p class='ocr_par' dir='ltr' id='par_1_7' title="bbox 0 0 1371 4898">
     <span class='ocr_line' id='line_1_43' title="bbox 0 0 1371 4898; baseline 0 0"><span class='ocrx_word' id='word_1_348' title='bbox 0 0 1371 4898; x_wconf 95' lang='lat' dir='ltr'><strong> </strong></span> 
     </span>
    </p>
   </div>
  </div>
 </body>
</html>
