2722 4898
536 368 771 442 ..229-

109 547 155 604 tv,
183 548 226 601 be
243 546 361 602 liberie
379 546 432 617 qni
452 547 539 601 infra
553 547 670 614 Junnur
690 549 858 602 ecciesiae
876 547 1046 601 interfecti
1064 548 1195 601 fuerint.

165 670 273 746 capus
292 656 358 732 een.
391 670 549 745 „sweren
564 672 689 731 mensore
705 672 731 730 n
746 671 916 729 oeristetten
936 688 969 729 zu
986 671 1050 728 tone
1066 670 1136 730 nen
1152 668 1219 729 oder

83 784 120 824 un
142 767 192 823 der
209 767 339 826 kiicbtiur
357 764 418 825 -.''
1005 774 1008 779 '

120 921 152 974 V.
180 922 223 976 De
241 922 431 991 raptoribus
450 924 503 992 qni
521 922 558 975 de
581 922 737 981 ecclesiis
758 923 885 994 aliquid
902 923 932 977 vi
949 922 1183 976 abstraxerint

167 1044 273 1118 Guput
293 1044 358 1102 331.
393 1043 492 1116 „seer
512 1045 539 1102 in
560 1046 726 1102 kiicben‘ibt
748 1046 820 1103 stiiet
840 1046 908 1103 oder
927 1046 1020 1102 roubit
1036 1042 1098 1101 -.”

535 1293 775 1400 xnvru.

168 1487 216 1551 Ad
245 1484 404 1551 trudtutnur
428 1487 465 1552 de
488 1488 731 1569 probationibus,
763 1486 899 1551 collectis
921 1504 962 1550 ex
984 1486 1221 1571 Alamannorum

86 1591 161 1673 lege
182 1590 258 1654 iocis
281 1592 488 1673 interruptum,
513 1593 657 1674 deinceps
680 1592 826 1674 pertinet:

170 1692 289 1776 Caput
311 1693 373 1758 332
396 1695 446 1760 ubi
469 1698 623 1776 quaeritur
646 1694 896 1776 quemadmodum
919 1694 1148 1758 convincendus
1171 1694 1220 1773 sit,

86 1797 141 1878 qui
164 1815 228 1860 rem
251 1797 389 1862 furtivum
412 1796 557 1862 exhibere
579 1800 769 1881 perquirenti
792 1799 912 1862 domino
934 1796 1073 1862 noluerit.

168 1901 245 1964 Huic
268 1902 306 1964 de
331 1901 424 1966 rebus
453 1902 569 1967 furtivis
596 1903 667 1967 loco
692 1903 851 1975 recentior
874 1902 1022 1982 quaedum
1051 1917 1158 1963 munus
1181 1900 1221 1964 ob

85 2005 258 2089 argumenti
286 2006 504 2069 similitudinem
533 2007 661 2069 inseruit
688 2007 876 2087 posteriores
904 2005 982 2088 legis
1011 2004 1220 2087 Bujuuriorurn

85 2106 202 2188 titulos,
225 2126 302 2190 quos
324 2127 457 2190 sequens
481 2102 582 2174 tebuiu'
604 2110 745 2190 ostendit,
770 2109 937 2192 prudenter
960 2125 977 2169 n
1000 2109 1096 2188 prinu
1119 2108 1220 2171 bavu-

84 2212 147 2275 rioi
168 2212 391 2278 libri·uuotore
420 2213 595 2297 neglectos,
614 2217 715 2294 'quum
739 2212 790 2296 jus
819 2230 875 2275 eos
903 2211 1089 2293 provinciale
1118 2212 1220 2292 potius

87 2334 180 2399 quum
202 2332 359 2381 commune
382 2314 528 2385 exhibere
552 2318 684 2398 ideoque
708 2335 725 2379 a
747 2316 902 2399 proposito
926 2333 981 2380 suo
1009 2316 1126 2378 alienos
1150 2316 1221 2378 esse

86 2426 176 2485 recte
200 2421 389 2504 cognoverit.

86 2607 341 2675 R'ecentioris
368 2618 500 2675 munus
529 2610 796 2694 supplemento
824 2628 871 2674 ex
900 2608 1058 2690 antiqua
1080 2607 1222 2707 Bejuu-

438 2716 584 2779 riorum
612 2715 701 2798 lege
729 2713 878 2778 hausta.

280 2867 345 2922 xix
376 2869 423 2922 De
445 2868 580 2922 cunibus
604 2878 635 2921 et
658 2884 767 2920 eurum
792 2867 1042 2935 conpositione.

171 2990 277 3064 Caput
297 2991 361 3048 333.
396 2992 435 3047 Do
455 3009 522 3048 eune
543 3009 620 3064 quen
641 2987 799 3063 „leitbund”
820 2995 925 3047 vocant.
960 2989 988 3045 b.
1005 2986 1060 3057 an.
1082 3003 1106 3042 c.
1122 2986 1147 3042 1.
1161 2986 1188 3042 b.
1202 2992 1221 3042 t.

171 3084 277 3158 Caput
297 3084 362 3143 334.
395 3085 435 3142 De
457 3102 522 3144 cunc
543 3105 621 3160 quem
642 3083 801 3161 „tripbunt”
822 3090 920 3141 vocent
941 3084 1019 3151 (loco
1037 3084 1082 3138 cit.
1096 3099 1121 3138 c.
1136 3080 1178 3150 2).

172 3181 279 3254 Guput
299 3181 363 3237 335.
398 3182 437 3237 ue
458 3199 524 3239 cene
545 3200 622 3255 quem
643 3171 820 3255 ,‚spuribnnt''
842 3187 939 3237 vocent
960 3179 1037 3247 (ioco
1054 3177 1098 3234 uit.
1115 3193 1137 3233 η.
1152 3176 1195 3245 3).

172 3273 278 3350 Caput
298 3274 364 3333 336.
396 3274 435 3332 De
457 3294 523 3334 eane
544 3293 622 3350 quem
642 3272 823 3348 „biberbunt”
844 3280 943 3331 vocent
963 3274 1040 3341 (ioco
1057 3273 1102 3328 cit.
1118 3288 1140 3326 o.
1156 3273 1198 3340 4).

172 3369 279 3442 Caput
298 3369 364 3445 337.
399 3370 438 3426 De
459 3388 524 3427 cane
544 3373 610 3444 „qui
630 3369 752 3445 leporem
768 3399 800 3410 -
817 3386 864 3426 sun
879 3368 1025 3425 velocitate
1043 3365 1225 3438 comprehen-

90 3465 184 3523 dit-
202 3465 248 3521 ein
265 3459 350 3520 wind’
372 3465 448 3534 (loco
469 3466 515 3522 cit.
533 3482 556 3523 c.
572 3469 614 3536 5).
806 3464 810 3473 “

172 3558 279 3633 Caput
300 3559 364 3616 338.
404 3560 443 3616 De
469 3577 536 3616 eune
562 3559 607 3631 qui
634 3559 731 3616 dicitur
757 3558 909 3633 „bupibunt
933 3587 967 3600 -
996 3556 1043 3619 ein,
1064 3554 1226 3621 wucbbunt”

90 3656 173 3726 (ioco
194 3655 238 3712 eit.
256 3672 279 3710 c.
295 3655 337 3721 6).

176 3749 285 3822 Caput
304 3748 368 3806 333.
402 3750 442 3806 De
463 3750 637 3822 cunibus‘qui
661 3749 796 3822 „majores
820 3749 892 3806 ierus
912 3744 985 3821 quod
1004 3745 1162 3804 sucrzuidd
1180 3745 1226 3803 di·

90 3846 180 3903 oimus
200 3852 394 3919 persequuntur
411 3874 444 3885 -
459 3842 612 3919 tegebant'
635 3846 712 3912 (ioco
732 3846 778 3902 cit.
796 3862 819 3901 o.
835 3844 876 3911 t).

175 3937 282 4013 Caput
302 3941 367 3998 340.
400 3941 440 3998 Dc
460 3940 576 4014 pastoris
596 3958 663 3997 ωηο
684 3941 759 4009 (ioco
780 3939 824 3997 oit.
843 3956 867 3996 o.
881 3937 924 4008 8).

174 4035 283 4109 annt
303 4035 369 4093 341.
402 4036 441 4092 De
464 4053 529 4092 oeno
550 4035 700 4092 domestico
721 4035 798 4103 (loco
821 4033 963 4102 nituit).

175 4128 286 4204 Caput,
302 4131 367 4190 342.
402 4130 441 4186 De
463 4148 528 4186 euno
549 4130 593 4202 qui
614 4131 748 4215 bominem
769 4129 895 4185 invaserit
918 4128 995 4195 (luco
1016 4125 1061 4184 cit.
1079 4143 1103 4184 o.
1118 4125 1179 4195 10).

193 4299 199 4304 .
253 4214 352 4301 C'uput
369 4231 428 4284 343.
455 4231 504 4296 Qut
519 4248 608 4285 canem
626 4232 735 4286 alienum
748 4230 864 4283 claudum
883 4230 980 4295 iecerit,
998 4238 1041 4281 eut
1059 4228 1134 4280 ulium
1151 4229 1228 4280 resti-

201 4326 255 4372 tuat
272 4335 354 4390 ωηηη
372 4319 481 4384 bonum,
499 4327 541 4370 aut
558 4326 649 4371 tanturn
666 4319 800 4389 pecuniam
819 4317 916 4384 solvat,
933 4325 1050 4389 quantum
1068 4308 1231 4368 condemnant

202 4421 260 4461 enm
277 4414 397 4477 oportent
413 4420 447 4460 cx
464 4405 683 4461 constitutionibus
701 4420 777 4475 supra
793 4404 889 4460 relatis.
