2722 4898
412 344 740 423 ,μω-

125 529 230 603 Caput
251 531 296 586 54.
329 529 429 586 Errare
454 530 498 601 qui
522 548 605 587 serra-
709 533 768 589 Art.
781 533 826 589 25.
845 532 940 602 „Ouer
951 550 1005 606 eya
1017 535 1092 592 uode
1105 494 1196 594 zuete-
1289 568 1304 589 .

72 623 196 694 genorios
217 624 374 697 decrepitae
395 626 490 680 aetatis
508 625 607 697 dicant,
657 626 703 699 sip
723 626 772 680 iar
791 643 824 681 so
850 627 875 680 ts
901 627 948 683 die
972 645 1039 684 mua
1061 647 1099 686 su
1117 631 1198 689 alueo

72 734 157 773 sacras
178 717 249 773 enim
269 719 415 790 scripturas
433 717 534 774 docere
555 736 606 774 ex·
659 729 744 793 tepea
764 721 871 776 bomem
894 721 962 777 eber
982 725 1078 798 secuiq
1097 725 1145 781 ica
1164 743 1198 782 so

70 817 177 867 besuam
191 813 407 868 vitaehumanae
424 818 539 869 aetutem
554 831 605 869 an·
658 816 683 868 is
697 813 749 870 ber
759 811 851 869 lanea
866 815 928 870 §aa
941 823 1008 888 tope
1022 832 1121 875 cornea
1137 819 1199 876 else

69 922 126 961 uum
145 907 340 976 octogesimam
361 924 427 964 esse.
658 909 710 965 ber
728 909 885 964 nomeode
908 907 1000 965 balea
1025 911 1124 968 saled
1144 913 1197 969 bor

657 1002 708 1057 teil.
727 1005 802 1059 uude
814 1019 849 1058 ne
862 1004 978 1060 lsrenlcet
992 1006 1030 1060 du
1043 1007 1123 1062 mede
1135 1006 1198 1064 siue

657 1094 722 1150 tate
740 1096 818 1151 alcbt
836 1097 910 1154 aocb
929 1097 975 1153 siu
993 1096 1135 1172 uerqelt.”

123 1188 230 1263 Caput
249 1191 295 1247 55.
327 1186 533 1257 Quatucrdecim
554 1205 605 1244 au-

69 1299 160 1340 norum
185 1282 268 1339 lilium
288 1284 333 1356 qni
358 1290 436 1357 patre
457 1282 501 1338 vel
523 1298 607 1337 eara-

68 1384 125 1434 tcre
141 1376 229 1434 invito
243 1394 359 1433 uxorem
372 1377 480 1434 duxerit
496 1393 607 1448 eamque

71 1473 244 1544 cognoverit,
268 1473 444 1546 separandum
464 1488 517 1528 noa
538 1489 605 1528 esse.

71 1566 194 1625 Similiter
209 1575 283 1624 ratas
299 1585 359 1625 esse
375 1567 490 1625 leminae
503 1567 608 1639 nuptias

71 1660 220 1719 inconsultis
230 1664 273 1719 vel
283 1670 361 1737 patre
371 1661 415 1719 vel
426 1663 517 1719 amieis
528 1661 606 1717 initas

72 1763 125 1827 post
140 1756 236 1812 aetatis
250 1754 437 1813 duodecimum
453 1775 556 1813 annum.

122 1849 233 1906 Juvenis
249 1858 337 1907 antem
355 1869 388 1907 an
403 1849 607 1923 quatuordecim

74 1959 192 2000 annorum
211 1944 245 2000 sit
262 1947 482 2023 quemadmodum
499 1945 605 2001 exami-
709 1968 711 1972 ³

74 2044 142 2095 netur
155 2057 238 2113 supra
249 2040 354 2113 (capite
365 2040 417 2110 52)
429 2040 527 2097 dictum
540 2056 605 2096 esse.

438 2123 441 2127 ⁵
840 2133 1017 2191 Emblema.

712 2228 859 2299 „Suelles
885 2246 1002 2286 macces
1028 2226 1110 2287 elder
1134 2245 1197 2288 mea

655 2322 733 2379 alcbt
751 2341 787 2380 ue
805 2323 873 2380 welz
891 2319 944 2363 -”
957 2327 995 2393 ¹).

77 2469 272 2478 ——...—-

143 2553 174 2624 1)
198 2555 317 2611 Puberes
337 2555 432 2626 quibas
459 2554 547 2619 standi
572 2556 600 2611 in
622 2554 727 2627 jndicio
752 2571 867 2629 persona
894 2562 954 2611 erat
973 2570 1009 2611 cx
1027 2555 1092 2626 lege
1112 2555 1197 2613 salica

74 2647 123 2714 (ed.
137 2648 240 2705 Merkel
258 2650 300 2706 tit.
313 2649 412 2720 XXIV,
432 2649 489 2716 §.1
513 2650 575 2706 coll.
596 2649 661 2722 (lap.
676 2650 733 2720 legi
752 2649 799 2706 sal.
818 2649 879 2706 add.
900 2649 961 2706 anni
980 2648 1038 2704 819
1057 2650 1150 2722 eapite
1163 2651 1206 2721 53⁷

72 2741 132 2798 Pera
151 2744 178 2814 1,
201 2743 273 2812 225)
299 2745 476 2800 censebantur
500 2760 589 2799 mares
614 2751 712 2801 exacto
740 2745 835 2799 aetatis
864 2756 934 2799 anno
959 2743 1135 2815 duodecim03
1162 2759 1198 2799 ex

71 2837 172 2908 antiqua
198 2844 285 2894 autem
310 2838 490 2911 riparensium
515 2839 678 2895 Francorum
703 2838 896 2894 consuetudine
920 2838 988 2906 (Lex
1008 2836 1068 2892 llib.
1088 2837 1130 2894 tit.
1145 2836 1196 2906 79)

70 2932 180 3002 puberes
201 2931 420 2989 existimabantur
441 2933 642 3005 quatuordecim
661 2948 791 2989 annornm
811 2933 898 3006 pueri,
917 2932 991 3005 qnod
1006 2933 1050 3004 jus
1067 2930 1095 2987 in
1108 2931 1197 2992 Fran-r

69 3027 235 3096 cogallornm
260 3027 441 3082 recentiorem
468 3042 574 3098 qaoque
596 3044 671 3083 nsum
697 3028 798 3095 (Etabl.
820 3028 853 3084 de
874 3027 915 3084 St.
935 3028 1015 3084 louis
1034 3027 1056 3097 l,
1078 3025 1147 3095 ue)
1169 3031 1197 3082 et

68 3119 259 3176 alternandis
276 3121 304 3176 in
324 3121 450 3192 Angtism
476 3122 564 3190 (Flete
584 3122 603 3177 1.
626 3138 649 3176 c.
666 3121 712 3192 11,
732 3124 759 3188 9.
776 3123 812 3188 7)·
832 3123 989 3179 translatum
1014 3120 1048 3178 ab
1072 3121 1195 3178 orienta-

67 3212 134 3269 libus
146 3215 258 3269 uranon
275 3215 304 3270 in
322 3231 488 3271 communem
502 3216 617 3288 patriam
631 3215 849 3273 consuetudinem
864 3218 968 3273 ueniam
988 3217 1087 3289 probat
1105 3216 1195 3272 buva-

67 3307 136 3362 ruus
156 3309 227 3364 mu
247 3309 382 3381 capitibus
398 3309 445 3379 27,
460 3292 506 3379 55,
520 3309 567 3379 co,
581 3309 628 3380 oe,
643 3309 708 3380 sur,
721 3310 787 3366 esu.
820 3310 938 3366 aaron
952 3311 1074 3368 saxona
1087 3323 1196 3381 qaoque

65 3403 184 3473 regulam
210 3403 347 3475 professos
372 3418 447 3474 ease,
472 3404 536 3459 licet
556 3404 590 3459 de
616 3404 690 3459 anais
714 3404 742 3458 in
768 3410 861 3460 nostro
886 3404 958 3459 libra
982 3418 1110 3477 expresse
1129 3400 1196 3458 nibil

65 3497 192 3569 scriptum
213 3499 262 3568 sit,
286 3497 387 3553 indicat
411 3504 499 3553 tamen
518 3499 592 3554 locus
612 3515 693 3572 supra
712 3498 845 3570 allegatus
865 3497 923 3565 (ed.
944 3499 1020 3554 llom.
1040 3499 1062 3568 l,
1082 3502 1132 3554 art.
1145 3493 1196 3564 43,

65 3591 150 3661 Sl),
169 3592 278 3647 haustus
297 3609 332 3648 ex
352 3592 473 3649 bavarici
492 3593 556 3648 libri
576 3593 664 3665 capite
681 3592 728 3662 27,
748 3592 920 3666 apertiusque
940 3592 967 3649 id
987 3597 1099 3647 testatuu
1118 3595 1195 3675 velt

64 3684 97 3740 ad
122 3685 193 3740 bunc
218 3686 305 3742 locum
327 3686 477 3758 interpres,
501 3694 597 3742 notans
622 3686 733 3744 differre
754 3688 848 3757 ajuro
868 3686 1000 3742 communi
1015 3688 1060 3756 jus
1079 3676 1211 3755 lentim,
1237 3684 1243 3699 ‘

63 3778 269 3850 quod'servata
294 3781 401 3853 antiqua
425 3781 527 3836 salicae
551 3782 621 3852 legis
651 3797 743 3839 norma
769 3782 935 3854 impuberem
960 3784 1073 3836 aetatem
1098 3772 1195 3837 elutss

63 3873 140 3928 annis
161 3873 304 3930 duodecim
325 3875 373 3943 (cl.
390 3877 434 3946 Jns
453 3875 525 3932 leud.
546 3891 602 3931 sax.
624 3875 666 3932 ed.
687 3877 763 3932 llom.
784 3882 834 3932 art.
849 3875 897 3944 26,
917 3876 944 3940 8.
961 3873 1000 3942 1),

142 3968 282 4024 Perfectae
301 3974 390 4025 autem
410 3971 505 4026 aetatis
524 3968 727 4043 pubertatisque
747 3969 899 4026 differentia
920 3968 953 4023 ab
972 3962 1103 4034 equestris
1122 3976 1193 4020 colr-

61 4061 174 4118 ditionis
192 4063 341 4120 hominibus
361 4064 494 4134 originem
513 4064 614 4136 coepit.
648 4064 713 4120 Erat
733 4063 804 4121 enim
816 4061 958 4118 vicesimus
973 4056 1076 4129 primus
1095 4055 1192 4112 uelutis

62 4170 147 4213 annua
166 4158 325 4230 capessendi
344 4158 447 4229 cinguli
465 4156 587 4214 militaris
604 4164 720 4231 tempus,
739 4174 774 4213 ex
788 4173 839 4229 quo
860 4150 970 4208 militari
989 4149 1118 4221 obsequio
1138 4148 1192 4205 ud«

63 4252 175 4307 strictae
199 4268 250 4308 nec
275 4252 344 4309 alios
370 4252 468 4309 milites
492 4251 526 4307 ad
543 4252 683 4326 principis
704 4251 804 4324 judicia
829 4246 1031 4318 mortuumque
1056 4242 1193 4301 subluto

61 4344 188 4420 umere,
211 4358 264 4405 neu
279 4344 439 4421 indubiis,
462 4345 509 4404 ubi
533 4360 604 4423 opus
627 4351 712 4418 eust,
735 4340 883 4404 cumulas
900 4337 1089 4401 &uambae
1107 4336 1192 4400 aaut·
