2722 4898
220 612 280 677 nit
298 521 688 691 wssdzsslttlzelfgffl
704 617 775 673 oder
790 632 845 690 equ
860 616 951 673 ander
966 614 1050 672 berre
1069 614 1151 672 sinen
1166 615 1281 674 dicast-

143 730 229 772 munn
249 715 319 771 oder
339 713 420 770 sinen
440 714 555 786 etqeaeu
574 728 661 768 monn
679 710 725 766 ori
739 706 795 751 —''
808 714 843 781 ¹).

291 866 296 877 ,
348 807 398 864 111
418 813 521 880 caput
539 806 592 862 157
608 812 635 862 et
650 805 705 861 158
720 805 828 863 inverso
843 811 932 861 temen
946 803 1068 863 bavarici
1084 804 1149 862 libri
1166 805 1281 863 ordine:

219 903 279 959 Art.
295 901 359 959 167.
393 902 601 972 „Dienstmann
620 900 693 957 erdr't
712 902 772 957 cad
790 908 881 957 comet
901 899 967 957 erbe
981 895 1055 971 -'’,·

220 1001 279 1054 Art.
295 995 361 1054 168.
394 996 558 1067 „swercin
577 995 658 1053 reclut
676 1012 730 1052 oor
748 995 875 1069 pericbtc
895 994 1008 1052 oirluss't
1024 988 1088 1050 —.”

636 1258 783 1331 11111.

228 1415 392 1498 Hucusque
423 1416 700 1500 quedlinburgensc
733 1415 871 1480 saxonici
903 1414 973 1478 libri
1006 1415 1178 1497 exemplum
1214 1433 1278 1478 ex-

143 1521 286 1586 tenditur.

228 1623 366 1688 Bavarici
379 1622 446 1686 libri
460 1641 516 1704 per
532 1623 695 1688 saxoniam
711 1640 794 1702 usus,
813 1641 903 1703 quem
918 1628 1008 1685 extra
1023 1621 1145 1685 dubium
1160 1625 1282 1702 ponunt

142 1733 202 1789 tam
224 1743 371 1807 expressa
389 1726 477 1807 hujus
498 1727 566 1789 libri
584 1726 696 1788 mentio
713 1728 745 1788 in
763 1727 834 1808 jure
855 1724 1029 1804 municipali
1046 1724 1197 1788 saxonico
1217 1725 1280 1787 ob-

142 1829 191 1893 via
214 1829 270 1904 (dc
292 1847 353 1909 qua
375 1847 467 1910 supra
488 1830 592 1892 monui
614 1848 643 1910 p.
659 1829 755 1906 214),
785 1846 874 1908 quam
896 1828 1020 1891 codices
1043 1828 1225 1891 saxonicum
1247 1833 1280 1889 et

141 1930 316 1994 bavaricum
344 1932 451 1995 librum
476 1931 598 2013 junctos
628 1931 806 1994 exhibentes
831 1931 883 2010 qui
912 1931 1015 2011 scripti
1042 1938 1111 1995 sunt
1132 1931 1165 1993 in
1186 1947 1278 1994 usum

138 2034 323 2114 judiciorum
337 2033 803 2117 brunsvico-luneburgensium
816 2035 859 2112 ²),
878 2034 1052 2113 aliquandiu
1068 2033 1190 2113 quidem
1206 2039 1280 2115 post

143 2137 258 2218 scripta
281 2155 359 2216 quae
381 2137 471 2200 modo
494 2137 636 2219 recensui
658 2137 865 2217 supplementa
888 2138 1079 2201 continuatus
1101 2143 1159 2200 est.

227 2239 289 2304 Sed
307 2240 464 2319 utriusque
481 2240 550 2302 libri
572 2241 602 2302 in
625 2240 728 2302 arduis
745 2240 973 2319 quaestionibus
991 2238 1183 2304 consultandi
1203 2245 1278 2302 tan-

143 2342 211 2406 dem
232 2342 369 2406 molestia
384 2343 465 2420 vicit,
488 2343 589 2421 itaque
609 2342 751 2405 effectum
769 2351 825 2423 est,
847 2350 879 2405 ut
898 2361 976 2423 quae
1000 2342 1099 2406 adhuc
1121 2343 1152 2404 in
1174 2360 1278 2406 saxo-

139 2445 211 2508 nica
234 2444 415 2508 collectione
439 2445 550 2508 deesse
574 2446 767 2524 viderentur,
797 2464 837 2507 ex
866 2445 1004 2527 ampliori
1027 2445 1172 2511 bavarico
1196 2445 1278 2509 llbro

142 2548 180 2610 ad
202 2548 379 2611 saxonicam
409 2548 658 2611 consuetudinem
686 2549 883 2612 accomodata
911 2548 1017 2629 partim
1045 2548 1122 2611 locis
1151 2566 1278 2612 conve-

139 2650 290 2713 nientibus
304 2650 523 2731 insererentur,
539 2652 655 2732 partim,
674 2659 705 2714 ut
721 2651 834 2732 primus
850 2651 1126 2732 supplementorum
1142 2652 1279 2732 scriptor

139 2751 268 2833 fecerat,
292 2753 347 2817 sub
362 2753 433 2816 libri
451 2755 540 2817 linem
559 2755 772 2836 adjicerentur,
795 2755 893 2817 donec
908 2754 1030 2816 tandem
1044 2761 1157 2817 mutata
1172 2772 1277 2819 saxo-

138 2856 198 2918 nici
232 2857 335 2938 operis
367 2857 546 2920 articulatim
579 2857 611 2919 in
645 2864 708 2920 tres
744 2857 839 2919 libros
873 2857 1023 2938 dispertiti
1056 2857 1153 2921 forma
1182 2860 1275 2922 novis

140 2958 367 3023 accessionibus
393 2959 604 3040 impedimenta
626 2959 758 3039 laceret,
787 2960 952 3042 scriptique
975 2961 1005 3022 in
1027 2961 1209 3026 saxonicum
1230 2961 1276 3023 11-

137 3060 233 3124 111111
259 3062 466 3125 commentarii
501 3063 639 3145 perpetui
674 3064 705 3124 in
740 3063 920 3127 oblivionem
954 3064 1130 3130 bavaricum
1162 3064 1276 3128 librum

139 3164 336 3228 deducerent.

219 3265 358 3338 Sufficiet
380 3268 407 3330 si
428 3267 534 3349 paucis
557 3267 607 3330 hic
630 3268 806 3332 indicavero
829 3270 899 3349 quid
922 3270 1110 3351 potissimum
1133 3271 1208 3333 novi
1231 3289 1275 3336 ex

136 3371 283 3435 bavarico
312 3371 390 3434 libro
418 3371 448 3432 in
482 3371 636 3451 speculum
670 3373 850 3436 saxonicum
882 3381 952 3455 post
980 3373 1275 3458 quedlinburgensis

138 3473 255 3539 codicis
278 3473 486 3556 supplementa
508 3482 663 3556 receptum
687 3484 841 3558 appareat.

139 3621 342 3630 ——-.-.-—--

216 3695 246 3767 l)
268 3696 342 3764 Quae
361 3696 503 3754 bavaricus
523 3699 593 3755 liber
609 3699 643 3754 de
663 3699 842 3772 praeconibus
862 3699 967 3757 dixerat
986 3700 1130 3757 saxonicus
1150 3700 1274 3774 scriptor

137 3790 241 3848 verbis:
268 3792 400 3862 „Tnugeit
420 3793 486 3848 aber
506 3793 555 3849 der
576 3794 710 3865 schepene
734 3795 832 3851 binnen
852 3796 931 3866 epnir
951 3797 1139 3871 graveschaplr
1152 3796 1212 3836 —”
1237 3797 1274 3853 ad

135 3884 265 3955 ingenuos
296 3887 427 3957 equestris
457 3887 559 3943 ordinis
590 3890 664 3944 viros
693 3891 898 3962 provincialium
924 3891 1090 3961 judiciorum
1121 3906 1275 3948 assessores

104 3995 108 4007 ·
135 3978 278 4051 transfert,
297 3981 477 4037 recentiorem
492 3999 570 4054 qnam
584 3999 653 4054 quae
668 3985 750 4055 vulgo
771 3986 896 4041 statuitur
916 3985 992 4056 lrujus
1013 3985 1167 4058 scriptionis
1188 3992 1273 4042 aeta-

135 4076 189 4128 tem
209 4073 342 4145 prodens,
365 4082 430 4147 puta
451 4092 509 4131 eam
530 4093 598 4148 quae
618 4079 742 4150 proxime
763 4080 869 4136 accedit
888 4087 993 4154 tempus
1013 4080 1222 4137 lususiormatac
1245 4081 1273 4137 in

135 4167 246 4223 secretis
266 4167 452 4240 Westplraliae
469 4170 578 4241 judiciis
599 4173 721 4244 antiquae
742 4174 871 4230 comitum
886 4175 1088 4246 jurisdictionis.

212 4262 244 4332 2)
272 4261 346 4318 dont.
368 4271 488 4335 quae‘en
509 4265 543 4321 de
563 4282 594 4322 re
614 4268 718 4325 notavit
736 4269 960 4340 R'eysclner'in
979 4269 1183 4342 lassberqianae
1204 4271 1271 4329 edi-

134 4352 216 4414 tionis
234 4357 403 4430 praelatione
422 4377 449 4434 p.
465 4360 553 4433 XXV,
571 4361 668 4422 XXVI.
