2722 4898
507 360 740 427 ..1⁴37-

54 537 95 600 ad
109 536 305 618 judiciariam
319 555 449 620 pugnam
467 536 684 614 adversarium,
705 542 758 598 aut
773 536 811 598 ob
827 537 1039 616 praestandam
1054 535 1188 600 evictio-

54 658 129 702 nem
153 641 183 701 in
203 640 349 720 Judioium
366 658 479 703 vocare
503 646 667 717 auctorem,
689 639 770 701 unde
788 639 882 719 palam
898 638 939 718 tit,
964 657 1019 701 cur
1041 639 1190 703 substitu-

54 750 118 803 tam
142 742 390 822 appellationibus
412 743 461 805 hio
484 741 747 823 deprehendamus
770 759 809 804 ex
832 743 961 804 nominis
982 732 1190 823 potiusquam

54 847 106 907 rei
129 845 322 908 similitudine
346 844 513 908 doctrinam
536 845 574 907 de
598 853 723 907 auctore
749 846 778 906 in
801 846 881 907 litem
904 846 1055 910 vocando.
1091 847 1192 908 Perti-

55 956 132 1011 nent
162 966 199 1010 eo
228 948 364 1010 bavarici
392 949 491 1028 capita
514 946 711 1026 aot—209,
740 967 869 1028 quorum
899 949 988 1011 aliam
1009 968 1099 1029 quam
1128 950 1191 1011 dixi

57 1050 174 1114 trustra
196 1051 344 1112 rationem
367 1068 543 1130 quaereres,
567 1070 622 1114 cur
643 1051 692 1113 hic
715 1051 873 1133 subjuncta
896 1060 1070 1134 appareant.

117 1204 257 1287 Caput
283 1204 355 1270 207.
402 1204 601 1270 contentione
710 1206 775 1269 Art.
791 1206 843 1271 85.
872 1207 985 1284 „Smer
1008 1211 1108 1289 ctopet
1129 1209 1191 1289 upt

57 1315 127 1372 orta
165 1308 202 1372 de
239 1309 390 1388 adquisito
423 1328 441 1371 a
470 1310 600 1374 diversis
653 1329 749 1389 epnen
773 1311 912 1374 anderen
938 1313 995 1374 ter
1016 1334 1101 1376 neme
1125 1333 1191 1394 pme

57 1412 250 1475 dominorum
277 1413 417 1493 personis
445 1411 530 1475 fundi
552 1411 600 1476 vel
652 1415 703 1475 ain
730 1423 795 1493 put.
825 1415 885 1477 dna
913 1417 944 1477 ir
969 1418 1103 1478 temedan
1131 1435 1191 1478 oon

57 1516 263 1594 proprietario
274 1515 323 1578 vel
334 1514 527 1577 beneficiario
530 1515 601 1595 jure
652 1517 854 1578 aranderteten
866 1517 978 1580 terren
992 1539 1059 1599 pme
1073 1520 1190 1599 sepet.”

57 1625 190 1697 utraque
212 1635 283 1698 pars
305 1625 471 1696 auctorem,
496 1619 542 1680 die
563 1618 601 1680 ad

57 1720 119 1783 hoc
135 1721 312 1799 constituto,
327 1721 358 1783 in
367 1720 418 1802 jus
434 1729 534 1784 vocet.
558 1719 602 1782 Ea

57 1841 132 1905 pars
155 1825 275 1904 vincat,
299 1825 384 1904 cujus
409 1823 602 1887 adversarius

59 1927 242 1990 destituatur
257 1934 399 2006 auctore;
417 1928 559 2008 utrinque
575 1927 602 1988 si

58 2037 170 2093 auctor
187 2030 311 2093 sistatur
327 2029 406 2092 inter
423 2031 507 2111 ipsos
525 2042 601 2111 par-

56 2134 132 2196 tium
164 2141 305 2197 auctores
327 2133 465 2197 laudatos
490 2133 526 2195 de
556 2134 601 2195 rei

57 2237 247 2318 proprietate
270 2236 448 2300 certandum
471 2254 551 2302 esse.

119 2341 230 2414 Caput
250 2340 306 2395 207
326 2341 375 2395 lit.
393 2342 418 2396 b.
453 2339 602 2412 Principes,
705 2341 808 2411 „Docta
824 2358 925 2414 moyen
941 2343 987 2398 da'e
1006 2350 1122 2398 oorsten
1138 2360 1192 2415 pe-

56 2435 166 2492 nobiles
192 2441 219 2490 et
237 2434 359 2504 homiues
383 2435 497 2492 aliorum
521 2435 602 2490 mini·
646 2442 746 2491 'meren
779 2453 868 2508 epnen
900 2454 966 2491 mon
997 2437 1048 2492 ma't
1081 2454 1194 2509 eyneme

57 2531 151 2586 stertis
179 2529 279 2585 addicti
304 2529 524 2601 quemadmodum
548 2544 602 2583 vo·
656 2531 776 2599 offerrem
801 2529 896 2586 brieve
916 2526 982 2584 -.”

58 2625 114 2681 cati
136 2631 262 2680 auctores
282 2624 354 2681 fiant.

120 2720 241 2801 Caput
258 2720 331 2783 208.
365 2719 399 2784 Si
415 2720 450 2782 ab
469 2719 603 2800 ejusdem
711 2719 906 2800 „Sprectent
922 2721 999 2782 uber
1013 2739 1047 2781 se
1065 2721 1116 2782 ine
1133 2721 1194 2782 dua

60 2824 177 2887 domini
194 2840 327 2904 persona
344 2841 423 2886 unus
443 2823 603 2885 dominium
654 2830 719 2902 put.
735 2824 786 2885 dte
798 2824 841 2884 do
852 2843 948 2885 umme
964 2824 1079 2885 areatat.
1097 2823 1192 2903 bcpdc

60 2929 108 2989 rei
130 2927 210 2990 alter
230 2926 456 2990 beneficiarium
473 2927 526 3006 Jus
543 2919 608 2989 siud
655 2935 718 2990 odra
732 2946 838 3007 apuam
852 2947 963 2989 monne
976 2927 1037 2972 —”
1049 2931 1093 3001 ¹).

140 3133 172 3204 1)
194 3132 343 3189 Saronicus
364 3124 497 3206 scriptor,
522 3110 646 3190 omittens
667 3135 693 3189 in
717 3135 808 3207 specie
829 3134 969 3207 proposita
990 3139 1096 3188 certare
1118 3149 1195 3189 uuum

62 3229 96 3285 de
116 3229 285 3302 proprietate
306 3229 357 3297 rei,
380 3229 491 3283 alterum
511 3228 546 3283 de
567 3213 740 3284 beneficiario
757 3230 819 3299 jure
839 3230 873 3285 ab
895 3227 990 3284 eodem
1011 3234 1123 3283 auctore
1144 3229 1195 3282 sibi

62 3325 178 3393 collato,
203 3324 271 3378 mate
292 3322 428 3378 intellecta
453 3324 504 3378 lrac
526 3323 715 3394 aliquantutum
742 3323 875 3378 subtiliori
901 3339 995 3391 causa,
1021 3322 1095 3391 cujus
1115 3337 1196 3392 supra

64 3418 245 3489 quaestionem
266 3418 396 3488 exposui,
419 3416 517 3474 refert:
544 3417 567 3472 si
593 3424 685 3490 partes
711 3433 764 3472 uon
788 3417 910 3474 diversos
930 3423 1055 3472 auctores
1075 3416 1195 3484 laudent,

65 3512 110 3567 sed
129 3495 244 3584 utraque
263 3529 327 3585 pars
347 3513 380 3567 ab
401 3512 518 3582 ejusdem
539 3513 656 3567 auctoris
671 3528 787 3584 persona
803 3513 847 3584 jus
868 3529 943 3568 suum
962 3516 1077 3583 repetat,
1097 3509 1194 3565 remit·

66 3606 157 3662 tendos
177 3624 236 3663 esse
257 3613 311 3661 tam
338 3613 457 3663 actorem
477 3624 555 3678 uuam
575 3623 650 3663 reum
671 3607 704 3662 ad
724 3607 886 3663 nominatum
907 3609 940 3663 ab
960 3606 1025 3679 ipsis
1047 3612 1195 3676 auctorem,

68 3700 193 3770 adjunctis
208 3719 224 3758 a
234 3701 328 3770 judice
342 3701 443 3756 duobus
463 3702 572 3772 nuntiis,
592 3701 637 3774 qui
657 3708 719 3774 post
739 3719 787 3757 sex
807 3703 966 3775 septimanas
985 3691 1118 3770 referant,
1135 3706 1195 3755 uter

72 3809 157 3851 eoruor
177 3813 270 3853 coram
291 3796 337 3852 illo
354 3803 465 3852 auctore
482 3797 628 3853 obtinuerit
643 3815 765 3867 oausam3
786 3798 886 3854 victum
899 3796 1027 3868 deinceps
1042 3803 1099 3853 tam
1109 3794 1195 3866 judici

75 3903 143 3956 quam
161 3891 320 3948 adversario
340 3893 454 3948 mulctae
480 3892 586 3948 nomine
610 3893 845 3949 condemnandum.
886 3892 926 3947 Eu
945 3892 1043 3947 iterum
1062 3890 1195 3947 intelicis-

77 3981 132 4038 a'me
149 3985 191 4040 hio
210 3986 313 4058 tapsum
333 3988 488 4043 saxonicum
509 3987 692 4060 interpretem.
732 3989 787 4044 Aut
807 3987 877 4043 euim
900 3986 1001 4045 laudati
1024 3985 1142 4042 auctoris
1162 3985 1195 4039 de

80 4088 105 4127 ro
121 4077 235 4150 litigiosa
250 4082 405 4152 jurisdictio
426 4089 499 4152 erat,
525 4088 588 4137 tunc
607 4099 660 4138 non
684 4082 829 4138 audiendus
850 4088 909 4137 erat
929 4088 1006 4137 actor
1025 4098 1082 4137 rem
1104 4096 1196 4136 coram

83 4167 127 4224 atio
141 4174 228 4242 judice
247 4183 351 4249 petens,
371 4185 415 4233 aut
431 4178 453 4232 is
470 4177 510 4232 rei
531 4177 597 4232 sitae
614 4177 699 4247 judex
719 4183 786 4246 erat,
807 4192 898 4233 coram
908 4193 966 4248 quo
982 4177 1014 4232 us
1030 4182 1128 4249 coepta
1145 4180 1196 4243 est,

86 4264 135 4318 turc
156 4269 239 4342 iprum
265 4271 298 4328 de
323 4289 354 4328 re
379 4273 498 4342 litigiosa
523 4273 683 4329 sententiam
707 4272 781 4328 terre
801 4272 961 4345 oportebat,
985 4288 1037 4329 nou
1057 4271 1195 4326 remittere

88 4364 160 4427 tutes
179 4367 210 4423 ad
230 4372 368 4428 auctorem
383 4367 523 4441 judicandi
542 4374 677 4444 potestate
697 4367 858 4429 destitutum.
