2722 4898
558 330 840 397 -180···

193 509 293 564 Animal
315 523 400 561 coram
419 505 507 573 judice
527 505 653 558 cxbibcn·
757 502 855 569 „Stirft
871 501 955 571 pbard
972 501 1033 555 odor
1048 501 1106 580 ecla.
1124 501 1241 554 dasne

147 600 206 651 dum
219 599 240 649 si
252 597 363 664 perierit,
376 593 474 647 absolvi
485 594 528 663 qui
541 608 571 643 ea
582 591 614 642 de
625 606 653 642 re
705 590 885 658 cerebrmpen
900 587 945 640 eol.
971 587 1012 641 dic
1033 587 1129 658 brertqc
1150 589 1182 641 de
1206 587 1241 640 lna

148 686 290 737 cautionem
305 681 462 748 interposuit,
480 680 502 730 si
517 677 654 729 detractam
705 693 766 728 carc
783 677 851 728 unm
868 675 891 727 si
909 672 1008 726 teatct’·
1019 674 1054 741 ¹).

148 769 277 823 cadaveris
295 768 390 835 pellem
408 771 574 834 representet.

242 977 359 1058 Caput
383 977 432 1040 10.
469 972 511 1044 bo
533 966 682 1060 perjuriis.

241 1081 358 1162 Caput
383 1078 431 1143 ll.
468 1070 711 1263 ppnprpippttlis,
733 1068 933 1144 Vlttdtmiblt
958 1066 1098 1158 (ibonis
1120 1069 1155 1140 tt
1176 1067 1241 1141 dell

197 1338 349 1403 Advocati
371 1337 492 1418 quidem
522 1335 620 1398 medio
647 1352 723 1398 aevo
754 1332 932 1402 dicebantur
959 1332 1164 1401 ecclesiarum
1188 1332 1241 1396 de-

113 1444 270 1520 fensores3
297 1442 496 1519 vicedomini,
520 1440 627 1519 quibus
647 1437 867 1519 jurisdictionis
889 1439 920 1500 in
944 1437 1147 1501 ecclesiarum
1170 1437 1241 1501 sub-

113 1547 190 1633 ditos
213 1545 408 1609 exercendae
432 1563 504 1607 cura
527 1544 669 1607 committi
692 1540 810 1605 solebat
817 1563 826 1619 ;
850 1540 906 1603 sed
925 1540 1187 1626 collectaneorum
1209 1540 1241 1603 ad

112 1649 257 1733 Ansegisi
278 1649 384 1712 librum
407 1649 525 1711 tertium
549 1652 656 1710 auctor
676 1665 744 1709 eum
763 1643 918 1725 amplexus
937 1642 1071 1722 sensum,
1094 1645 1149 1724 qui
1168 1661 1241 1732 con·

112 1754 195 1816 venit
220 1752 280 1833 Juri
308 1770 433 1815 romano
464 1751 501 1814 ad
524 1749 667 1834 Anscgisi
695 1748 807 1811 titulum
837 1748 902 1830 egit
930 1748 968 1810 de
998 1763 1163 1810 causarum
1187 1747 1241 1811 de·

112 1855 294 1936 sensoribus,
319 1856 371 1935 qui
394 1857 431 1918 ob
455 1855 550 1920 verba
574 1872 676 1917 coram
695 1851 800 1934 judice
823 1849 964 1914 facienda
988 1845 1186 1931 „advooati'’,
1209 1850 1241 1914 ob

112 1948 286 2045 susceptum
309 1960 521 2041 procuratorio
546 1958 668 2020 nominc
689 1972 801 2019 causae
824 1954 1022 2035 patrocinium
1042 1954 1166 2033 „litium
1189 1953 1241 2018 do·

111 2061 206 2124 mini''
228 2053 381 2141 hodieque
403 2067 561 2126 vocantur.
1092 2049 1095 2054 ’

198 2165 343 2247 Ansegisi
367 2165 496 2245 capitulo
521 2164 558 2226 de
581 2163 721 2246 perjuriis
751 2161 915 2243 respondet
936 2161 1077 2226 ‘bavarioi
1100 2161 1169 2224 libri
1192 2179 1241 2224 oa-

112 2275 164 2351 put
188 2266 251 2330 360
274 2267 312 2328 de
334 2268 461 2330 testibus
490 2267 708 2331 examinandis.
751 2264 816 2327 Jam
839 2284 915 2330 vcro
939 2284 1029 2347 quum
1055 2265 1241 2347 praecedere

111 2372 143 2436 in
161 2371 283 2454 judiciis
306 2370 425 2434 testium
453 2371 724 2453 interrogationem
752 2370 849 2432 soleat
870 2376 1105 2450 procuratorum
1130 2369 1241 2432 consti-

113 2475 204 2551 tutio,
233 2474 264 2535 in
293 2490 431 2537 seorsum
454 2474 625 2537 scribendis
649 2474 687 2534 ad
710 2471 894 2555 Ansegisum
918 2470 1164 2535 adnotationibus
1186 2473 1241 2534 mi-

112 2574 237 2641 randum
259 2595 322 2639 non
345 2585 407 2656 est,
438 2595 493 2640 our
520 2579 672 2640 invertere
695 2575 834 2638 maluerit
860 2576 1001 2656 scriptor,
1021 2583 1180 2640 servatum
1211 2576 1241 2640 ab

66 2722 85 2750 :c
111 2679 266 2763 Ansegiso
290 2679 453 2745 ordinem.¹

49 2808 51 2812 ·
196 2783 341 2865 Majorcm
371 2790 495 2865 possent
528 2783 742 2846 dubitationem
776 2799 901 2846 movere
923 2789 1134 2865 argumenta,
1150 2848 1154 2855 ,
1170 2801 1241 2864 quae

110 2888 211 2950 locum
235 2887 272 2949 de
295 2887 543 2967 procuratoribus
572 2893 603 2950 et
631 2893 721 2967 caput
750 2886 787 2949 de
816 2885 994 2948 cohibendis
1023 2886 1147 2950 testium
1169 2905 1241 2968 pcr-

107 2992 195 3073 juriis
218 2990 437 3052 intercedentia
460 3008 540 3053 nunc
562 2991 704 3072 leguntur
727 2990 890 3071 (capitibus
912 2984 1113 3070 aon-319).
1147 2991 1241 3053 Prima

52 3178 54 3181 v
112 3095 191 3156 enim
214 3091 292 3154 facie
317 3094 414 3155 omnia
435 3093 634 3157 diversissimi
657 3094 826 3176 argumenti
848 3100 961 3154 temere
984 3092 1034 3154 bic
1058 3101 1241 3158 coacervata

112 3195 268 3274 videntur,
297 3213 356 3257 neo
384 3196 445 3258 ulla
475 3204 600 3277 apparet
628 3196 723 3276 ratio,
754 3215 809 3259 cur
838 3196 996 3259 discussae
1024 3196 1055 3258 in
1078 3196 1146 3260 aliis
1169 3197 1241 3262 locis

112 3300 306 3379 quaestiones
329 3306 513 3363 retractatae
536 3299 647 3361 inbao
671 3300 773 3380 operis
796 3307 882 3380 parte
905 3298 1107 3364 inveniantur.

114 3429 318 3439 m

191 3487 223 3558 l)
244 3488 359 3559 Pellem,
379 3487 402 3544 si
422 3488 518 3544 animal
538 3488 724 3545 vindicationis
745 3505 824 3546 causa
845 3488 1022 3545 exhibendum
1042 3488 1176 3562 perierit,
1195 3507 1240 3549 re-

110 3569 314 3659 presenlandam
340 3600 398 3639 esse
424 3584 451 3638 in
476 3584 605 3640 bovarico
630 3584 693 3640 loeo
719 3584 859 3641 evidenter
880 3584 983 3639 idcirco
1004 3585 1147 3656 statuitur,
1173 3586 1241 3658 quod

112 3678 224 3749 alicujus
245 3683 320 3733 cerie
341 3694 373 3734 ea
394 3678 475 3751 pretii
495 3679 536 3734 sit.
567 3679 681 3735 lnsulsus
701 3680 843 3737 saxonicus
855 3680 990 3753 scriptor,
1010 3680 1134 3736 lacunam
1153 3680 1241 3755 suspi-

113 3779 197 3842 catus,
218 3772 290 3843 quod
309 3773 374 3828 nibil
391 3771 490 3828 dictum
511 3775 647 3846 repererit
664 3774 698 3838 de
712 3775 818 3830 bomine
830 3780 976 3845 ,antequam
989 3773 1097 3845 judicio
1110 3774 1241 3833 sistendas

112 3873 185 3937 crat,
211 3866 353 3939 defuncto,
379 3883 429 3923 neo
454 3868 668 3925 animadvertens
692 3869 853 3942 posterioris
875 3875 978 3925 tantum
998 3886 1090 3926 manus
1112 3871 1241 3944 emblema

110 3961 155 4016 bio
175 3961 298 4031 subesse,
318 3962 400 4016 risum
420 3963 548 4034 teneatis,
568 3963 640 4019 diota
661 3964 695 4019 de
716 3964 808 4035 corio,
828 3964 893 4019 asini
913 3963 985 4019 sorte
1005 3970 1051 4020 aut
1071 3965 1148 4035 ovis,
1174 3964 1241 4021 unde

110 4054 204 4112 saltem
229 4055 399 4110 membranae
419 4055 496 4113 libris
516 4058 663 4114 scribendis
683 4064 807 4131 poterant
828 4058 901 4129 lieri,
926 4058 1058 4114 transtulit
1079 4058 1106 4114 in
1126 4059 1241 4115 bominis

111 4165 211 4222 corpus
238 4149 417 4223 demortuum3
445 4153 479 4208 ob
505 4153 635 4224 insignem
659 4153 736 4222 hujus
761 4154 803 4208 rei
828 4153 1021 4210 absurditatem
1046 4159 1189 4210 correctus
1213 4158 1241 4208 ut

111 4244 216 4301 videtur
236 4245 271 4301 ab
291 4234 344 4300 alio
364 4245 479 4318 quodam
499 4247 643 4320 scriptore,
663 4249 707 4319 qui
728 4248 929 4304 convenientius
949 4249 1097 4320 interjecit:
1122 4249 1178 4321 „ab
1197 4248 1241 4304 die

110 4340 198 4412 burgo
223 4340 297 4397 sinen
321 4339 369 4396 tod
395 4342 468 4398 selbe
489 4341 570 4398 dritte
590 4342 726 4413 betbugcn
746 4343 830 4401 macla.
857 4360 888 4401 so
908 4343 930 4399 is
950 4343 994 4400 die
1015 4345 1103 4418 burge
1123 4340 1241 4402 lediob.'q
