2722 4898
528 327 744 393 ..25-

64 502 124 568 sub
151 502 279 566 ducibus
305 500 484 582 militabant,
514 502 634 565 tandem
662 519 790 581 „omues
817 499 954 564 liberos”
978 501 999 565 i.
1021 519 1048 566 e.
1071 518 1126 564 eos
1149 501 1200 581 qui

64 606 148 670 nulla
177 606 323 689 dignitate
351 605 478 688 praediti
507 606 627 670 nonnisi
660 622 848 668 communem
881 605 1051 668 exereitum
1085 623 1201 685 seque-

64 717 183 773 rentur.
234 709 401 774 Bavarious
430 709 560 791 scriptor
592 709 729 772 similiter
756 716 822 771 tres
852 708 1017 772 liberorum
1050 708 1201 772 bominum

65 813 253 895 principales
269 814 394 877 ordines
414 812 569 891 discernit,
585 812 728 877 videlieet
745 812 841 893 primo
859 811 928 875 loco
950 812 1063 875 eximie
1086 812 1200 876 liberos

64 922 96 978 et
124 923 224 979 semet
251 935 343 998 pares
372 917 625 998 („sempcrfreic,
654 933 747 997 super
772 915 961 994 illustres'’),
990 916 1009 978 i.
1033 932 1061 978 e.
1084 916 1202 996 imperii
1232 996 1238 1007 =

65 1020 232 1101 principes,
256 1022 307 1100 qui
330 1021 479 1083 neminem
500 1021 558 1083 nisi
575 1021 788 1102 imperatorem
809 1019 867 1083 sibi
889 1020 1077 1101 superiorem
1100 1036 1201 1103 agno-

66 1123 195 1186 scebant
217 1123 355 1203 aliosque
373 1123 469 1187 libere
483 1124 557 1205 ipsis
571 1124 731 1186 militantes
748 1129 889 1204 poterant
912 1123 1048 1187 subditos
1069 1123 1200 1202 habere;

65 1226 177 1290 deinde
200 1226 354 1306 equestris
377 1228 494 1290 ordinis
516 1229 600 1291 uiros
623 1228 674 1307 qui
695 1227 864 1308 principum
886 1226 999 1289 vexilla
1022 1227 1199 1307 sequeban-

63 1335 128 1408 tur,
159 1329 282 1393 tandem
309 1330 448 1394 hemines
477 1332 530 1411 qui
555 1332 585 1394 in
609 1332 692 1414 agris
715 1331 857 1393 sedentes
881 1348 898 1392 a
921 1323 1040 1393 tributis
1063 1330 1200 1393 serendis

64 1451 177 1496 nomen
206 1440 366 1496 traxerunt
393 1433 459 1507 (die
481 1434 702 1518 „gebure'’¹),
731 1435 844 1514 quique
874 1440 924 1496 aut
952 1434 1120 1517 principum
1144 1441 1201 1497 'aut

65 1537 220 1618 equestris
250 1536 367 1600 ordinis
390 1537 526 1602 viromm
550 1537 812 1620 jurisdictionibus
836 1538 992 1618 parebant.
1036 1537 1098 1600 llos
1121 1539 1201 1600 inter

65 1640 189 1704 ordines
208 1658 452 1722 unumquemque
471 1643 603 1722 scriptor
619 1641 765 1706 observat
776 1641 847 1722 jura
864 1641 921 1705 sibi
935 1642 1059 1723 propria
1074 1641 1199 1706 habere.

152 1743 325 1809 Saxonicus
344 1746 476 1826 scriptor
498 1745 618 1808 nonnisi
636 1753 735 1807 terras
752 1763 830 1824 quae
848 1745 903 1808 sub
919 1745 1088 1825 principum
1099 1745 1200 1826 juris-

65 1847 201 1911 dictione
217 1848 400 1911 constitutae
415 1848 690 1929 erant-respiciens
712 1848 877 1910 mirandum
900 1855 948 1911 est
969 1842 1143 1912 bavaricam
1161 1848 1199 1911 de

59 1949 132 2031 jure
161 1951 282 2031 imperii
315 1952 431 2015 librum·
450 1953 617 2015 imitaturus
646 1958 775 2032 quantas
803 1951 834 2013 in
866 1952 1020 2034 angustias
1050 1951 1206 2031 quantos-'

64 2071 125 2133 que
154 2055 183 2115 in
214 2071 340 2118 errores
363 2056 505 2136 delapsus
532 2057 579 2119 sit.
627 2055 755 2119 Primum
784 2055 871 2119 enim?
891 2056 922 2117 in
950 2055 1090 2137 exposito
1114 2055 1200 2136 judi-

63 2159 183 2221 ciorum
206 2158 561 2241 ordineepiscopatunm
583 2160 764 2223 mentionem
783 2157 942 2222 offendens
965 2159 1131 2223 somniatus
1153 2165 1201 2222 est

63 2261 103 2324 de
132 2262 345 2325 ecclesiastica
374 2261 425 2324 hic
453 2262 665 2344 jurisdictione
699 2265 764 2346 agi,
797 2263 869 2324 licet
902 2269 1006 2342 aperte
1037 2263 1201 2325 bavaricus

64 2367 200 2446 scriptor
221 2365 380 2446 professus
409 2373 477 2428 erat
502 2366 561 2432 sibi
588 2366 618 2428 in
645 2367 705 2429 hoc
727 2356 804 2430 libro
827 2367 968 2430 nonnisi
992 2367 1029 2428 de
1052 2365 1199 2429 laicorum

60 2468 186 2550 judiciis
209 2486 275 2531 rern
298 2471 428 2544 esse2).
470 2469 590 2533 Deinde
617 2472 750 2550 scriptor
773 2489 840 2534 cum
869 2470 995 2550 triplicis
1018 2470 1200 2535 conditionis

63 2571 215 2652 homines,
234 2589 363 2652 quorum
381 2572 451 2654 jura
473 2573 608 2637 inter‘se
627 2574 750 2637 diuersa
774 2580 887 2652 essent,
911 2574 942 2634 in
956 2574 1103 2637 bavarico
1121 2574 1197 2638 libro

65 2675 343 2757 distinguerentur,
366 2693 421 2740 eos
444 2694 503 2738 neo
525 2677 633 2743 eodem
652 2677 767 2758 judicio
795 2678 836 2739 uti
859 2694 949 2758 posse
974 2678 1113 2757 opinatus
1135 2684 1197 2756 est·;

63 2779 187 2842 tandem
211 2798 280 2842 cum
298 2778 497 2860 provincialia
520 2798 580 2843 non
603 2780 720 2860 imperii
738 2780 808 2861 jura
828 2780 1027 2842 describenda
1048 2780 1105 2843 sibi
1121 2799 1198 2861 pro·

63 2883 231 2965 posuisset,
253 2882 408 2964 principes
424 2884 454 2946 in
466 2883 563 2965 primo
586 2884 693 2948 ordine
711 2884 864 2947 collocare
881 2901 943 2946 non
957 2891 1085 2964 poterat,
1109 2902 1199 2965 quum

63 2987 200 3067 ipsorum
220 3002 335 3048 sunnna
353 2986 493 3051 interris
510 2988 575 3050 suis
590 2987 761 3069 jurisdictio
780 2994 872 3067 esset,
895 2988 931 3050 ab
948 2989 1084 3068 equestri
1100 2995 1199 3053 autem

64 3089 175 3152 ordine
192 3089 386 3152 descendens
409 3098 497 3153 extra
520 3091 668 3169 civitates,
693 3110 770 3172 quiae
793 3092 915 3173 proprio
938 3092 1110 3174 municipali
1128 3093 1197 3173 jure

63 3193 263 3275 regebantur,
286 3193 405 3257 tertium
422 3193 587 3259 liberorum
603 3195 756 3259 hominum
773 3195 923 3276 ordinem,
940 3197 990 3277 qui
1009 3194 1087 3259 inira
1110 3197 1197 3280 agri-

64 3296 151 3360 colas
175 3296 333 3377 pcnendos
356 3303 449 3376 esset,
470 3296 585 3361 frustra
607 3300 763 3378 querebat.

150 3399 235 3462 llaec
258 3408 406 3482 reputans
427 3417 532 3465 secum
550 3402 677 3483 primurn
701 3420 739 3466 ne
757 3402 795 3466 de
817 3402 1094 3484 triplioibomlnum
1118 3421 1197 3467 oon·

67 3573 275 3584 ——.-.-.--·-

143 3678 176 3747 l)
202 3677 261 3734 Non
280 3678 315 3735 ab
341 3694 410 3750 agro
433 3679 549 3737 colendo
573 3681 660 3753 (quod
680 3686 721 3737 est
744 3679 886 3752 „buwen”
907 3677 1197 3752 unde-„buwnann”)

61 3771 100 3828 ita
121 3770 189 3828 dicti
208 3779 283 3844 sunt,
310 3772 357 3829 sed
377 3791 393 3829 a
414 3775 584 3832 conterendis
610 3775 748 3847 censibus,
774 3777 847 3832 ferre
874 3776 943 3832 enirn
970 3782 1023 3832 est:
1051 3777 1197 3846 „buaren”

61 3866 136 3938 angl
158 3873 208 3937 „to
228 3864 325 3938 bear'',
345 3868 429 3926 unde:
450 3866 637 3942 „bharigildi”
659 3869 740 3944 (Cap.
757 3872 833 3928 Dom.
848 3871 982 3926 llblotarii
1002 3887 1025 3927 o.
1040 3871 1075 3943 43
1095 3873 1163 3926 Pera
1178 3872 1199 3942 l,
1266 3870 1276 3878 “

60 3978 87 4034 p.
103 3960 177 4030 242)
199 3962 245 4034 qui
265 3963 394 4020 saxonico
415 3964 543 4037 scriptori
562 3971 694 4020 vocantur
709 3965 910 4036 „Biergelden”
924 3965 973 4034 (oi.
984 3966 1027 4022 ΙΙΙ.
1039 3983 1063 4023 a.
1075 3967 1112 4022 45
1127 3969 1152 4035 ξ.
1165 3967 1196 4032 4)

61 4061 89 4111 et
109 4055 193 4113 bodie
213 4056 277 4127 „die
294 4057 436 4129 Gebubr''3
456 4064 486 4114 ut
504 4059 573 4116 bene
594 4060 791 4131 Franoogallioi
812 4060 976 4131 distinguunt
995 4061 1079 4117 inter:
1101 4066 1197 4132 „rente

59 4150 209 4224 portable''
229 4158 257 4207 et
277 4159 374 4224 „reate
394 4154 552 4226 querable.''
1028 4205 1030 4209 .

141 4245 174 4314 2)
195 4244 293 4320 capt
315 4249 365 4305 snb
386 4247 429 4304 lio.
456 4251 540 4321 „aber
567 4249 622 4306 dita
647 4237 718 4306 bircb
744 4250 793 4307 daz
818 4250 869 4307 seit
891 4250 930 4307 nit
954 4267 1016 4308 wan
1038 4267 1092 4308 von
1112 4250 1202 4308 walt-⁴

59 4340 161 4405 iicbem
181 4341 297 4414 geribte.
319 4343 372 4399 md
391 4343 520 4402 darumbe
540 4343 629 4401 briaet
649 4343 704 4403 dits
723 4331 793 4411 bisch
813 4345 863 4402 dan
883 4332 1103 4412 laudrebtbicb.”
