2722 4898
435 325 761 397 ¹-·25'l···

135 496 235 559 Gontra
263 500 341 558 deum
363 503 547 576 justitiamque
573 504 617 561 la-

73 613 141 653 cere
162 597 207 668 qni
229 598 308 654 aliter
328 615 406 670 quam
426 598 469 654 hic
490 599 617 673 scriptum

72 698 115 748 est
137 691 229 762 eligat.

70 930 184 1001 insuper
210 926 304 982 diebus
328 925 454 981 llicbardi
479 928 613 983 electores
638 927 810 1000 praevenisse
838 930 899 986 anni
926 904 1032 987 et'diei
1057 933 1208 1006 terminum,

70 1040 153 1098 quem
186 1021 239 1095 ipsi
269 1021 417 1092 legitimum
447 1022 549 1078 vellent
583 1023 724 1079 electionis
755 1028 859 1097 tempus
891 1042 964 1096 esse,
1000 1025 1114 1098 denique
1144 1045 1209 1085 suae

71 1117 201 1176 electioni
228 1117 357 1186 majorem
379 1116 549 1172 vindicabant
575 1117 765 1188 suffragiorum
791 1126 911 1192 partem,
937 1136 1015 1192 quum
1036 1127 1063 1176 et
1083 1121 1208 1196 adstipu-

70 1214 172 1268 lantem
198 1211 250 1266 sibi
277 1210 431 1266 habuissent
456 1212 599 1267 bohemiae
630 1212 705 1282 regis
736 1220 957 1286 procuratorem,
988 1221 1014 1271 et
1046 1216 1208 1277 marchionis

69 1306 335 1375 brandenburgensis
356 1305 429 1360 vices
450 1306 584 1362 Saxoniae
605 1305 659 1361 dux
679 1307 814 1378 gessisset.

149 1400 365 1457 Funestissimum
386 1400 492 1472 quidem
516 1401 582 1456 illud
604 1400 737 1458 dissidium
762 1403 832 1458 inter
853 1404 1013 1462 Richardurn
1034 1410 1062 1461 et
1081 1403 1208 1476 Alpbon·

70 1502 128 1554 suni
153 1511 207 1552 non
232 1495 282 1550 nisi
308 1495 434 1552 defuncto
458 1495 609 1567 llicbardo,
640 1513 699 1552 cum
726 1497 867 1569 Alpbonso
896 1500 1024 1569 neglecto
1050 1499 1208 1557 Germaniae

70 1591 207 1666 principes
233 1590 268 1646 ad
288 1589 419 1663 Rudolpbi
434 1590 609 1647 „electionem
634 1591 832 1663 procederent,
857 1593 971 1665 sopitum
996 1597 1044 1650 est.
1083 1594 1209 1665 Eligendi

75 1693 160 1741 autem
186 1685 262 1755 regis
288 1684 431 1757 provincia
458 1701 472 1739 a
495 1683 627 1757 Rudolpbi
653 1685 738 1755 bajus·
757 1685 836 1756 primi
861 1687 1027 1758 temporibus
1054 1693 1208 1746 constanter

73 1781 142 1853 apud
155 1787 260 1852 septem
273 1779 334 1836 illos
348 1779 484 1853 principes
500 1779 612 1851 resedit,
632 1779 676 1851 qui
693 1780 719 1834 in
733 1779 859 1836 Richardi
872 1780 1058 1854 Alphonsique
1072 1779 1208 1839 electione

70 1876 212 1932 traduntur
233 1874 372 1930 discordes
393 1875 484 1930 luisse.

148 1972 252 2026 Recens
277 1970 403 2025 subortae
434 1971 510 2040 hujus
540 1969 750 2042 praerogatiuae
776 1969 909 2040 originem
936 1970 1080 2027 communis
1106 1969 1208 2043 opinio,

69 2066 186 2122 sollicita
201 2082 236 2120 ne
250 2063 348 2120 diutius
365 2065 398 2120 de
416 2065 576 2120 electionum
593 2067 655 2134 jure
676 2064 793 2119 dubitari
813 2071 916 2138 posset,
939 2066 1080 2138 repetebat
1098 2082 1132 2122 ex
1147 2066 1206 2122 sin-

69 2160 208 2233 gularibus
229 2159 325 2215 officiis
344 2161 406 2231 regi
425 2176 474 2232 per
495 2159 645 2232 principum
670 2166 807 2231 magnates
833 2166 889 2215 tum
915 2161 942 2215 in
961 2159 1021 2233 ipsa
1041 2162 1100 2231 ejus
1121 2176 1207 2217 coro-

10 2274 11 2277 *
69 2255 185 2312 nationis
206 2253 266 2324 die,
292 2261 347 2309 tum
361 2254 397 2309 in
418 2254 476 2309 aliis
496 2254 693 2311 solennioribus
716 2254 868 2327 principum
889 2255 1063 2312 conventibus
1083 2255 1208 2313 exbiberi

71 2367 105 2407 ex
125 2349 235 2421 antiquo
257 2365 331 2404 more
352 2348 463 2404 solitis,
1119 2416 1122 2419 Ι
1229 2418 1235 2429 Ι

147 2445 177 2502 ln
198 2444 353 2501 coronando
374 2443 478 2505 scilicet
499 2459 566 2514 rege
587 2444 731 2517 primariae
749 2448 826 2500 erant
840 2442 915 2500 vices
932 2443 1096 2503 coloniensis
1113 2443 1208 2502 arabi-

72 2539 208 2614 apiscopi,
234 2556 268 2594 ex
289 2555 341 2610 quo
363 2539 468 2601 Ottonis
488 2539 568 2612 prirai
591 2540 716 2611 exemplo
736 2538 917 2594 introductum
939 2544 996 2610 est,
1022 2545 1051 2595 ut
1075 2540 1102 2597 in
1127 2541 1208 2598 colo-

72 2634 168 2692 niensis
198 2634 355 2690 dioeceseos
385 2633 534 2688 cathedrali
564 2633 697 2693 eeclesia,
714 2633 915 2705 aquisgranensi
944 2650 1026 2705 reges
1056 2651 1086 2691 se
1115 2635 1208 2706 ungui,

71 2730 243 2800 consecrari,
265 2728 390 2784 coronari
412 2734 440 2784 et
460 2729 486 2783 in
507 2729 614 2799 antiqua
633 2729 712 2800 regia
733 2727 825 2784 Caroli
845 2727 937 2797 magni
956 2728 1020 2784 sede
1041 2728 1207 2785 acclamante

72 2826 141 2882 omui
157 2825 259 2897 populo
279 2824 416 2879 sublimari
436 2824 565 2878 lacerent.
598 2822 750 2879 Coloniensi
767 2821 894 2894 deinceps
915 2821 1085 2895 archiepisco
1105 2823 1133 2878 in
1152 2823 1207 2878 im·

71 2919 211 2992 pertieada
238 2918 316 2989 regia
342 2933 443 2975 corona
474 2918 609 2988 adjutores
639 2934 706 2990 prae
737 2917 852 2972 caeteris
882 2917 1014 2972 ecclesiae
1039 2915 1206 2989 principibus

72 3016 177 3071 adstare
197 3013 361 3086 potissimum
382 3018 581 3068 consueverunt
602 3012 769 3083 maguntinus
790 3011 1029 3084 archiepiscopus,
1051 3011 1123 3083 quod
1142 3011 1206 3084 pri-

72 3111 181 3166 mariam
197 3106 355 3164 Germaniae
377 3106 568 3181 episcopalem·
580 3108 671 3164 sedem
692 3114 850 3180 occuparet,
870 3105 1038 3177 trevirensis,
1058 3105 1132 3178 quod
1151 3120 1225 3162 no··

71 3204 216 3260 bilissimae
234 3219 284 3275 per
298 3202 411 3258 Galliam
429 3203 597 3273 omniumque
619 3202 816 3275 antiquissimae
836 3202 894 3257 sedi
914 3207 1063 3275 praeesset,
1082 3207 1206 3275 uterque,

71 3299 141 3370 quod
160 3297 372 3353 ecclesiasticam
396 3298 541 3352 vicinarum
561 3297 763 3374 provinciarum
783 3313 875 3352 curam
896 3303 1033 3366 gererent.

146 3395 332 3463 Porro-quum
358 3397 420 3464 post
445 3391 649 3464 apocrisiarium
677 3396 704 3445 et
729 3406 856 3445 summanr
883 3389 1072 3444 cancellarium
1097 3404 1132 3443 ex
1152 3404 1203 3443 an-

71 3489 218 3562 tiquissimo
237 3489 398 3542 Francorum
419 3501 505 3555 more,
524 3490 593 3540 testo
613 3484 757 3540 Hiucmaro
777 3483 900 3538 llemensi
921 3483 969 3550 (de
990 3480 1203 3553 ord.pal.10);

71 3590 184 3655 quatuor
198 3582 426 3654 distinguerentur
441 3580 529 3636 officia
543 3581 701 3652 praecipua,
723 3579 817 3650 quibus
838 3577 909 3633 sacri
922 3576 1015 3649 palatii
1036 3590 1100 3632 cura
1120 3575 1202 3632 susti-

70 3684 194 3748 neretur,
219 3677 395 3747 camerarius,
416 3675 600 3744 senescalcus,
620 3673 803 3731 buticularius.
820 3678 845 3727 et
866 3671 964 3728 stabuli
985 3686 1089 3748 comes,
1110 3686 1204 3727 eorum
1269 3683 1272 3689 ·

70 3771 231 3842 ministeria,
252 3788 305 3842 quo
325 3771 492 3844 splendidior
512 3771 590 3840 regia
610 3769 735 3840 maiestas
755 3772 915 3842 appareret,
936 3782 1043 3838 quoque
1063 3765 1149 3827 minua
1168 3765 1203 3821 de

70 3866 200 3938 obsequio
226 3866 287 3936 regi
313 3865 474 3938 praestando
501 3865 619 3920 dubitari
644 3852 749 3936 posset,
775 3862 801 3917 in
823 3876 979 3933 quacunque
1004 3858 1107 3916 solenni
1127 3857 1202 3916 curia
1306 3916 1316 3937 ὲ

68 3979 118 4035 per
132 3960 335 4034 potentissimos
356 3960 522 4032 maximeque
543 3960 662 4017 illustres
681 3957 817 4027 subjectos
833 3955 948 4028 imperio
964 3953 1101 4029 principes
1117 3953 1202 4010 subiri

68 4056 199 4111 solebant.
241 4054 333 4124 Neque
359 4059 447 4108 tamen
473 4070 504 4108 ea
526 4053 552 4108 in
571 4070 603 4108 re
624 4050 831 4119 eonstaasolim
856 4049 924 4105 ordo
945 4048 1074 4119 obtinuit,
1099 4047 1147 4104 sed
1166 4063 1202 4103 err

69 4149 249 4223 praesentium
270 4163 446 4220 personarum
464 4146 594 4217 dignitate
613 4161 799 4216 nonnunquam
820 4143 942 4214 singulae
961 4142 1024 4198 illae
1045 4139 1202 4215 prouinciae

69 4245 195 4301 videntur
215 4242 391 4300 demandatae
412 4257 479 4297 esse.
513 4241 604 4313 ltaque
625 4241 652 4297 in
666 4239 771 4315 Ottonis
790 4237 871 4312 primi
890 4236 1095 4310 inauguratione
1115 4249 1207 4306 prae·.

68 4339 118 4396 fnit
139 4339 259 4412 equestri
278 4336 367 4396 ordini
388 4342 415 4393 et
435 4335 571 4411 eligendis,
581 4335 754 4409 locandisque
773 4333 881 4407 carnis,
899 4332 972 4408 quod
993 4346 1085 4411 munus
1104 4327 1209 4408 stabuli.
