2722 4898
558 342 793 412 -168-

167 522 171 527 ’
195 519 222 576 Si
234 519 359 589 virginem
372 521 454 574 luisse
471 527 567 588 ruptam
585 529 655 573 autur

149 609 319 660 semcttertius
351 616 379 659 ut
409 607 499 658 dicitur
523 606 656 672 juraverit,

147 695 223 747 virus
245 677 382 762 sepeliatur
405 702 546 761 stuprator,
572 694 655 760 capito

147 788 241 835 tantum
258 780 421 848 plectendus,
446 780 467 832 si
490 779 588 831 mulieri
606 779 655 831 vim

146 866 262 920 intulisse
277 867 407 919 convictus
422 861 496 917 fuerit
505 868 541 930 ¹).
569 862 656 917 Aedes

148 960 231 1005 autern
247 953 378 1004 diruantur
396 952 438 1003 ubi
456 959 602 1019 perpetrata
616 940 655 1004 vis

148 1055 206 1093 esse
224 1039 378 1107 probabitur.

165 1134 654 1208 deprehensusraptor,injussuetiam
732 1122 840 1203 ,Atto
860 1131 905 1188 die
925 1132 1005 1197 deme
1023 1129 1162 1204 perucbte
1185 1127 1247 1186 aot

109 1229 208 1302 judicis
224 1230 251 1286 in
264 1230 370 1286 vincula
388 1231 556 1300 conjiciatur,
573 1229 654 1285 exhi·
705 1245 768 1302 pen.
795 1226 898 1283 balden
922 1243 959 1311 se¹
980 1224 1037 1297 uplt
1063 1225 1119 1301 den
1145 1224 1248 1280 vrede-

112 1325 215 1381 berrdus
228 1324 324 1395 judici,
345 1330 373 1378 ut
391 1316 591 1381 condemnetur.
624 1324 654 1380 Si
707 1322 831 1379 bredere.
860 1319 987 1378 dennocb
1011 1320 1063 1401 ber
1081 1318 1161 1390 nicbt
1185 1317 1247 1374 cir-

113 1419 243 1475 resistere
267 1436 345 1475 ausus
369 1419 467 1489 luerit,
493 1419 562 1474 idem
583 1418 654 1490 quod
705 1434 822 1473 mannen
853 1416 925 1472 utre.
962 1416 988 1473 sr'
1020 1431 1069 1500 nel
1089 1413 1180 1487 sollers
1210 1413 1248 1468 du

113 1513 140 1569 in
159 1514 318 1586 proscriptis
335 1515 378 1585 jus
399 1513 530 1570 obtinere.
704 1508 839 1584 niebepne
864 1519 914 1567 not
939 1528 1030 1567 emme
1056 1510 1139 1566 tideo.
1170 1509 1248 1564 deste

706 1606 732 1662 sa'
752 1624 802 1664 ene
822 1622 875 1662 vor
894 1605 1021 1679 pericbte
1042 1597 1191 1678 drinyen.”

218 1759 334 1871 capnt
357 1789 386 1855 6.
427 1785 469 1858 tta
490 1781 731 1874 annotatorum
753 1780 947 1877 quoadusquo
969 1779 1145 1874 procedant

190 1936 249 2009 „lte
269 1936 483 2007 negotiatoribus
505 1936 549 2007 qui
569 1935 690 2007 partibus
711 1934 869 1993 selavorum
895 1942 922 1991 et
941 1936 1096 1992 Armorum
1120 1938 1249 2006 pergunt,

114 2045 251 2103 quousque
272 2031 421 2102 procedere
443 2048 502 2086 cum
523 2031 577 2085 suis
596 2031 713 2101 negotiis
734 2031 900 2086 debeant-
922 2037 949 2113 et
969 2037 998 2086 ut
1017 2046 1109 2086 arma
1130 2034 1159 2086 et
1179 2030 1248 2087 bru-

114 2125 171 2181 nias
191 2141 244 2180 non
266 2125 363 2180 ducant
384 2126 417 2181 ad
437 2124 647 2181 venundandum.
689 2126 781 2192 Quod
805 2127 832 2181 si
853 2125 985 2182 inventi
1006 2125 1138 2181 luerint
1160 2139 1249 2196 por-

113 2225 240 2290 tantes,
264 2221 348 2275 omnis
368 2221 512 2276 substantia
534 2236 629 2275 eorum
649 2219 787 2275 auferatur
807 2221 840 2276 ab
862 2220 902 2276 eis
923 2217 995 2277 etc.''

191 2323 438 2408 Negotiatoribus
462 2331 676 2404 comparantur
693 2325 723 2386 iu
742 2325 887 2388 batarino
906 2325 983 2387 libro
997 2323 1119 2404 ludaei,
1141 2341 1248 2388 rerum

113 2427 264 2492 venalium
288 2428 470 2490 commercia
498 2446 536 2490 eo
564 2446 640 2490 aevo
665 2446 817 2491 exercere
840 2429 1027 2508 potissimum
1053 2428 1150 2508 soliti,
1181 2429 1249 2491 cle-

113 2531 231 2611 ricique
255 2531 423 2595 devotionis
452 2549 544 2594 causa
568 2532 606 2594 ad
629 2531 776 2594 visitanda
798 2532 866 2594 loon
889 2549 979 2594 sacra
1000 2532 1248 2615 peregrinantes.

113 2633 255 2714 Utrisque
270 2641 409 2697 ⁴notatur
436 2634 558 2698 armatis
587 2635 731 2697 incedere
754 2636 932 2715 permissum
960 2653 1023 2699 non
1045 2651 1133 2713 esse;
1165 2634 1250 2716 quud

114 2738 298 2802 observasse
329 2757 392 2803 non
421 2746 582 2803 contentus
617 2738 676 2801 alia
710 2739 835 2819 insuper
863 2737 1006 2802 nonnulla
1035 2737 1074 2800 ad
1103 2737 1249 2818 clericos,

111 2839 308 2922 Judaeosque
330 2842 523 2923 pertinentia,
547 2841 685 2905 scurrilia
704 2842 824 2923 partim,
848 2842 980 2924 adjicere
995 2841 1143 2927 Ansegisi
1159 2858 1249 2905 oom-

112 2952 264 3009 mentator
286 2946 432 3008 calamum
452 2964 516 3008 non
538 2945 688 3010 abstinuit.

170 3081 293 3165 Caput
316 3081 388 3146 255.
434 3083 561 3164 Clerici,
591 3102 651 3147 non
758 3082 824 3148 Art.
839 3083 909 3148 llO.
930 3087 1078 3168 „Pupbcn
1094 3085 1247 3153 odeaJu-

112 3193 202 3267 prout
222 3185 311 3248 decet
334 3187 424 3266 tonsi,
447 3188 518 3249 item
533 3187 652 3266 Judaei,
705 3188 765 3251 den
794 3190 832 3251 de
859 3188 973 3270 woffen
1005 3197 1128 3254 curent.
1164 3190 1248 3253 unde

113 3288 164 3369 qui
181 3289 308 3371 exlege
327 3307 383 3352 sua
401 3291 573 3354 circumcisi
590 3309 651 3354 non
705 3293 792 3354 niebt
812 3292 984 3372 pescboren
1011 3313 1051 3355 ne
1075 3295 1142 3356 sint
1164 3293 1247 3357 nond

112 3393 187 3471 sint,
210 3391 349 3473 injuriam
372 3394 454 3473 passi
477 3394 559 3456 nullo
582 3394 651 3456 sin·
703 3414 789 3475 prmo
810 3396 924 3458 reubte.
949 3396 1094 3459 dulmen
1115 3395 1169 3458 ine
1186 3414 1246 3476 pe-

111 3495 210 3578 gnlari
242 3495 328 3577 pacis
357 3496 518 3578 privilegio
547 3496 650 3559 muniti
702 3499 785 3563 unte.
801 3518 868 3561 rnen
884 3500 934 3561 sol
946 3499 998 3561 ine
1014 3499 1163 3563 bessem
1179 3500 1246 3563 utre

111 3598 289 3664 habeantur.
351 3603 354 3610 “
702 3620 799 3683 cynon
828 3603 923 3683 leyen.
955 3606 1057 3678 [went
1078 3614 1119 3666 ‘se
1145 3605 1245 3668 collon

113 3728 317 3738 w

191 3785 221 3857 l)
246 3787 287 3842 Ex
312 3788 418 3859 imperii
446 3787 552 3859 legibus
578 3789 662 3860 gladii
687 3796 787 3845 tantum
813 3806 927 3862 poenam
952 3791 1124 3863 indigendum
1150 3793 1246 3864 luisse,

111 3881 194 3938 nullo'
212 3881 285 3938 lacto
309 3882 378 3938 inter
398 3882 536 3954 uirginem
563 3885 754 3956 mulieremque
775 3885 945 3957 discrimine,
972 3903 1007 3942 ex
1027 3888 1143 3944 'Raurici
1170 3889 1244 3961 regis

110 3982 208 4047 treuga
229 3974 290 4035 anni
313 3975 386 4033 1230
413 3978 487 4045 (Art.
502 3978 528 4034 6.
556 3981 673 4051 „Raptus
699 3981 756 4036 sive
778 3981 919 4052 oppressio
940 3981 1053 4055 virginis
1075 3999 1127 4054 per
1148 3984 1245 4057 cupitis

112 4069 318 4128 decollationem
337 4072 493 4143 punietur'')
514 4073 584 4129 bene
604 4075 706 4130 notavit
725 4076 909 4147 Lassberg,
935 4076 1072 4133 remittens
1093 4077 1128 4134 ad
1144 4084 1242 4135 statuta

111 4171 275 4237 augustana,
300 4165 415 4222 collecta
441 4168 501 4224 iude
528 4169 561 4224 ab
586 4185 655 4224 anno
678 4168 765 4239 tato,
792 4187 859 4242 quae
881 4172 1000 4242 probant·
1017 4170 1198 4229 differentium
1217 4172 1243 4228 iu

110 4260 241 4318 bovarico
261 4261 333 4316 libro
353 4261 459 4317 obviam
479 4263 585 4320 nisiex
605 4263 668 4335 ipsis
689 4265 762 4319 hisce
786 4265 907 4339 statutis,
933 4283 969 4324 ex
988 4267 1041 4324 alio
1061 4273 1150 4327 tumen
1171 4266 1242 4344 quo-

111 4354 172 4417 dam
188 4355 250 4430 jure
271 4356 423 4429 municipali
442 4357 557 4415 fluxisse.
