2722 4898
214 292 235 329 ι
254 336 257 343 .

574 351 789 419 -83-

190 523 301 610 Caput
328 522 400 589 rot.
450 523 482 586 in
510 522 657 588 laicorum
766 523 832 589 Art.
847 524 901 589 4⁷.
937 526 996 600 Qui
1017 543 1079 590 non
1101 544 1248 608 praesens

108 626 247 712 judiciis,
270 626 398 707 quinon
413 642 562 708 praesens
578 645 657 690 con·
710 645 812 691 coram
852 628 956 710 J'udice
999 629 1171 694 inveniatur
1208 630 1250 695 ad

112 730 266 809 veniatur,
292 730 389 792 tribus
412 729 528 793 vicibus
556 730 656 792 citan-
707 730 880 811 proximum
903 731 1013 812 iudicii
1041 731 1120 795 dien
1148 733 1249 797 citau-

119 833 195 896 dum
213 849 291 896 esse.
709 832 779 896 dum
801 849 882 897 esse.

766 932 891 991 Criminis
911 940 1001 991 autam
1019 950 1082 993 reos
1096 936 1185 993 tribus
1201 937 1248 994 vi·

708 1028 794 1099 cibus,
807 1035 917 1085 servato
926 1029 1131 1101 quatuordeeim
1144 1028 1249 1086 diarum

707 1121 852 1179 intervallo
872 1123 994 1179 citandos
1015 1139 1080 1181 esse.
1111 1123 1250 1194 Equestris

708 1216 871 1272 conditionis
887 1216 1022 1273 hominem
1039 1216 1157 1275 criminis
1173 1232 1249 1273 reum

706 1310 843 1367 concessis
857 1327 906 1365 sex
918 1310 1145 1367 hebdomadarum
1159 1311 1247 1366 inter-

706 1404 785 1459 vaiiis
808 1411 850 1461 ter
871 1404 950 1459 citari
972 1404 1073 1461 debere
1099 1404 1133 1462 ad
1153 1403 1247 1478 publi-

708 1513 768 1557 cum
781 1498 914 1569 judicium
934 1515 969 1554 ex
989 1499 1067 1569 regia
1087 1499 1248 1555 auctoritate

709 1591 908 1648 celebrandum.

766 1685 818 1740 Ter
839 1687 948 1741 citatum
972 1686 994 1740 si
1014 1685 1107 1741 venire
1129 1690 1249 1757 spernat,

707 1779 915 1851 proscriptionis
929 1777 1037 1833 viuculo
1053 1778 1248 1849 constringen-

709 1872 770 1927 dum
786 1889 844 1928 esse
861 1874 950 1942 („deo
966 1872 1097 1928 circests't
1112 1867 1218 1938 Μ’).

180 1965 346 2023 Contumaces
358 1967 409 2023 nisi
420 1965 446 2022 in
457 1965 568 2038 capitali
579 1982 657 2022 causa
766 1967 840 2035 „Um
866 1966 982 2023 caderis
1007 1965 1144 2036 nietepue
1167 1965 1248 2036 elope

141 2061 310 2137 proscriptioni
327 2060 459 2118 obnoxios
475 2075 527 2116 non
541 2060 608 2118 fleri.
709 2077 744 2115 ue
768 2061 815 2115 sot
837 2077 900 2116 meo
925 2061 980 2115 den
1005 2075 1072 2114 moa
1096 2058 1247 2114 circesteu.

436 2140 439 2145 ’
711 2171 764 2210 aare
789 2171 879 2210 omme
903 2153 950 2210 die
979 2155 1015 2209 de
1041 2170 1080 2208 oo
1104 2153 1160 2208 dos
1189 2150 1247 2223 tipo
1283 2200 1290 2214 ,

710 2249 781 2305 oder
801 2265 840 2305 oo
859 2248 905 2304 die
924 2247 994 2303 dant
1012 2241 1100 2320 peit.'’

183 2342 405 2413 Quemadmodum
430 2360 465 2399 ex
485 2342 575 2401 divina
595 2342 658 2415 lege
992 2332 996 2337 ’

137 2439 248 2507 probetur
258 2454 345 2513 neque
360 2438 477 2494 auditum
487 2454 573 2510 neque
585 2437 657 2493 cita-

137 2534 178 2588 tum
187 2549 343 2606 quemquam
353 2530 580 2588 condemnandum
591 2547 658 2586 esse.

180 2628 300 2701 Caput
329 2625 383 2683 102
413 2626 447 2682 ad
476 2625 571 2698 capitis
605 2623 655 2678 101

135 2726 216 2782 verba:
243 2721 345 2795 „ambe
371 2720 488 2777 deiecisse
514 2720 595 2792 elupe
614 2718 660 2773 sol
694 2729 697 2736 ’

132 2835 184 2876 mco
202 2821 257 2876 den
275 2833 342 2874 mou
361 2815 502 2871 carattere.
523 2831 586 2870 wan
601 2814 657 2869 dat

132 2898 214 2971 tuus
233 2916 289 2971 aen
310 2913 348 2983 up
367 2905 456 2984 petun-

177 3007 305 3066 Giviiibus
336 3005 363 3062 in
396 3004 485 3060 causis
516 3008 657 3059 contumax
765 3000 847 3070 „Hat
873 2998 925 3054 der
951 2995 1021 3052 aber
1039 2995 1169 3068 peelapet
1192 2993 1250 3066 opis

129 3104 259 3160 muictetur
286 3108 313 3157 et
334 3100 419 3174 judex
449 3098 475 3154 in
506 3099 562 3169 ejus
587 3096 658 3163 bona
708 3103 760 3167 put
781 3112 818 3150 eu
834 3095 905 3149 drea
920 3092 1104 3167 depeda‘open.
1125 3107 1188 3146 men
1206 3089 1253 3145 sol

128 3205 238 3255 amorem
258 3195 353 3251 raittm.
709 3189 757 3246 ine
776 3187 861 3244 dorin
879 3181 1033 3254 eirea'¹¹).

175 3293 216 3348 iix
251 3288 404 3362 municipali
434 3289 498 3360 jure
533 3285 658 3342 discussis

126 3386 272 3444 debitorum
294 3383 372 3440 bonis
398 3380 577 3438 creditoribus
596 3379 658 3451 pri-

125 3497 203 3551 mum,
234 3486 262 3535 et
287 3477 414 3550 deinceps
443 3475 547 3531 demum
573 3473 660 3546 judici

125 3577 155 3633 ob
175 3575 287 3631 mulctas
312 3571 464 3630 commissas
488 3568 659 3626 satisfacien-

124 3669 182 3727 dum
202 3685 270 3726 esse.

176 3763 295 3834 Pignora
314 3761 349 3817 oh
365 3777 411 3817 aes
433 3759 547 3815 alienum
563 3775 659 3830 quem-
768 3751 829 3808 nrt.
850 3752 896 3808 48.
938 3746 1060 3820 „c‘tupte
1087 3762 1152 3803 mett
1181 3744 1251 3801 oder

122 3857 263 3916 admodum
292 3857 337 3912 vel
370 3853 540 3910 distrahenda
570 3852 613 3907 vei
644 3868 659 3906 u
712 3862 802 3904 emme
821 3847 914 3903 retroit
929 3839 1034 3917 -Ἰ”).

122 3952 245 4010 debitore
266 3948 424 4007 redimenda
447 3947 505 4003 sint.

121 4080 324 4092 .—..-.---⁴

200 4149 231 4218 1)
249 4146 382 4205 inutiliter
401 4143 478 4201 addit
497 4143 629 4217 scriptor:
650 4141 704 4213 „da
723 4157 757 4197 ne
777 4145 832 4197 mut
851 4138 894 4195 ine
913 4137 1019 4193 nieman
1039 4151 1072 4193 uz
1085 4132 1180 4195 wiseu.
1201 4131 1251 4189 heu·

119 4263 155 4304 ne
175 4251 205 4302 tu
223 4244 249 4301 iu
269 4242 317 4299 mit
336 4240 444 4298 rechten
464 4234 572 4310 ctare?

199 4338 232 4409 2)
258 4336 407 4396 Saronicus
432 4334 664 4410 scriptoriorum
690 4332 723 4391 de
748 4329 908 4406 pignoribus
933 4333 986 4386 tom
1011 4323 1158 4420 capiendis
1172 4336 1251 4397 quam

1006 4432 1047 4490 μ
