2722 4898
564 353 797 417 -155-
868 324 875 333 ”

129 536 223 601 tegnam
248 529 440 585 condicendam
466 545 523 584 esse
545 543 656 583 merce-

131 624 196 692 dem,
219 626 291 695 cnjus
312 625 446 695 jacturam
472 623 600 694 magister
621 623 657 678 ob

132 719 319 790 castigationum
349 719 456 775 nimiam
482 717 657 774 acerbitatem

133 829 223 884 poenae
247 814 354 870 nornine
380 814 504 886 patiatur.
540 811 658 869 sivero

130 907 212 978 justam
236 925 290 964 non
315 908 415 964 habens
442 925 547 963 causam
571 907 656 963 disci·

133 1000 198 1072 pulos
217 1002 327 1073 fugerit⁷
346 1002 499 1058 mercedem
519 999 657 1057 nibilomi-

133 1111 173 1150 nus
183 1096 311 1168 integram
326 1096 448 1168 magistri
456 1114 529 1169 esse,
548 1096 596 1153 aed
612 1095 660 1167 ita,

135 1196 159 1245 ut
184 1207 304 1247 reversus
340 1177 485 1264 disciputus
521 1192 659 1248 erudiatur

135 1285 193 1341 nulla
211 1286 345 1343 absentiae
359 1287 451 1343 habita
467 1287 583 1356 ratione,
604 1286 658 1341 do-

135 1395 176 1434 nec
192 1381 307 1454 elapsum
325 1380 410 1438 inerit
427 1381 559 1454 reliquum
578 1381 658 1436 iusti·

135 1474 226 1531 tutionis
240 1475 274 1531 de
291 1491 344 1547 quo
360 1483 525 1533 convenerat
541 1483 656 1549 tempus.

181 1587 368 1659 Explicatiorris
406 1604 485 1645 causa
522 1587 658 1660 adscripta

137 1682 274 1755 propositae
314 1683 463 1754 quaestioni
502 1683 659 1756 interpretis

138 1776 252 1847 cujusdam
282 1778 433 1834 subnotatio
460 1777 494 1833 de
525 1777 605 1834 modo
632 1776 659 1833 in

137 1869 312 1944 discipolorum
344 1870 566 1944 castigationibus
596 1868 658 1927 sei-

137 1962 212 2022 rando'
232 1967 300 2022 male
326 1967 353 2023 in
378 1967 564 2024 concinnando
588 1966 659 2022 libro

138 2061 236 2128 genuino
265 2063 344 2133 hujus
376 2061 471 2134 capitis
501 2067 660 2133 argumento

137 2169 193 2210 nnnc
225 2156 372 2228 praemissa
411 2155 512 2228 iegitur
549 2154 659 2212 verbis:

137 2248 660 2331 ,mmmmmmw

138 2339 199 2409 boat,
221 2348 290 2404 oder
318 2347 368 2403 mit
398 2347 449 2403 der
479 2335 552 2403 reite.
589 2347 660 2402 oder

139 2441 225 2510 reviset
239 2459 271 2498 er
286 2459 318 2498 ez
335 2441 426 2498 durcb
440 2441 502 2498 sice
520 2440 658 2497 missetat.

139 2548 165 2587 er
176 2531 264 2592 delibet
278 2553 310 2592 ea
325 2553 379 2592 cce
391 2536 508 2592 wandel.
528 2534 659 2608 Saricbet

138 2641 190 2682 moa
206 2630 234 2685 ic
253 2648 291 2687 ao
311 2648 344 2687 er
363 2630 436 2687 dode
459 2648 491 2688 ez
515 2647 548 2687 ze
570 2631 659 2703 yerde

138 2722 260 2798 seroces.
298 2726 350 2782 dez
381 2726 428 2782 sol
455 2743 487 2781 er
517 2724 578 2782 sich
608 2742 661 2780 seo

138 2812 239 2891 dedices
267 2821 411 2877 estredec.
442 2821 500 2876 dcz'
526 2819 578 2876 ber
607 2820 658 2876 dez

138 2913 284 2988 aoscbulds'q
305 2915 340 2972 si.
367 2913 477 2972 mccbet
502 2932 535 2971 er
554 2931 586 2970 es
610 2931 661 2970 ser

137 3020 209 3062 masa
241 2994 408 3084 btdtrocsiq.
437 2999 499 3069 'occ
527 3010 658 3084 occardo.
730 3070 734 3076 ,

137 3101 195 3157 tude
221 3102 335 3161 decedet
364 3105 420 3161 doz
450 3121 502 3163 nea
528 3104 657 3178 deilicae
696 3176 699 3181 .

136 3207 160 3248 er
176 3194 270 3255 delibet
296 3215 328 3254 ez
354 3216 409 3255 coe
434 3194 571 3256 woodet.”
610 3199 658 3255 In-

134 3297 230 3362 cepero
253 3292 349 3366 procul
376 3293 459 3351 dnbio
485 3293 549 3351 olim
568 3293 659 3351 locus:

131 3370 659 3452 Mwmmfflmm

132 3475 166 3533 tat
181 3498 238 3555 quo
256 3482 349 3540 durcls
368 3484 485 3558 terouye
505 3478 588 3554 etc.’'‚
613 3482 660 3538 ubi

129 3587 188 3631 nunc
223 3583 252 3634 nt
290 3578 451 3650 praemissae
489 3595 524 3634 ex
561 3593 658 3635 errore

128 3670 290 3742 explicationi
314 3679 522 3739 connecteretur
543 3672 659 3745 genuina

125 3760 173 3821 ioci
187 3767 317 3834 sententia
336 3767 436 3825 inserta
451 3767 551 3841 tegitur
567 3768 669 3841 parur.

124 3859 178 3916 cula
197 3858 322 3934 „ocde”,
342 3864 443 3920 omisso
463 3862 549 3920 verbo
568 3859 658 3933 „ist’',

121 3956 189 4028 qnod
209 3974 300 4014 sensns
321 3958 402 4032 plane,
420 3956 565 4015 desiderat.

174 4075 324 4135 Saronicus
358 4078 490 4152 scriptor,
529 4079 657 4150 deceptus

115 4172 288 4244 supposititio
302 4173 384 4245 hujus
401 4173 495 4246 capitis
513 4173 657 4246 principio,

113 4272 148 4343 et·
172 4273 248 4323 ratus
264 4268 386 4326 subesse
414 4267 465 4324 sibi
494 4268 582 4324 locum
611 4266 670 4323 ubi·

112 4361 149 4418 de
168 4360 309 4419 infantium
331 4362 480 4420 malefactis
499 4361 658 4419 coercendis
