2722 4898
547 300 780 400 ...26-

109 504 221 570 ditione
244 505 354 570 deesse
377 505 491 587 aliquid
513 506 686 585 videretur,
708 506 752 569 ab
778 505 914 587 equestri
936 507 1044 570 ordine
1067 510 1244 588 („soepen-

108 609 225 684 bare'')
250 610 398 691 incipiens
426 611 526 673 medio
550 610 621 672 loco
642 610 756 672 liberos
784 609 922 674 homines
947 611 1141 691 praediorum
1163 629 1244 691 pos-

109 731 250 778 sessores
271 714 373 794 posuit
394 711 713 794 (‚,pblechbalite!''¹),
742 713 872 777 infimam
897 715 1099 777 conditionem
1122 715 1244 778 colonis

109 817 277 900 assignans,
294 835 379 897 ques
402 818 433 881 in
448 818 555 880 -alieno
576 818 719 881 sedentes
741 835 816 900 agro
835 816 1073 896 (‚,landseten'')
1089 817 1244 897 hospitum

107 927 222 984 tantum
242 921 312 984 loco
334 920 441 983 haberi
463 921 562 983 docet.

74 1005 83 1026 ⁰
192 1025 312 1087 Deinde
340 1025 472 1105 scriptor
498 1043 555 1104 pro
585 1023 695 1106 triplici
729 1023 780 1086 illo
809 1024 965 1087 bominum
994 1024 1101 1087 ordine
1131 1024 1244 1105 triplex

108 1146 232 1209 quoque
254 1126 496 1191 ecclesiasticum
510 1127 613 1191 durum
632 1128 690 1191 sibi
711 1128 908 1210 excogitavit,
932 1135 1068 1190 statuens
1091 1128 1243 1207 equitibus

108 1230 360 1312 frequentandam
388 1230 484 1294 luisse
512 1232 650 1312 episcopi
678 1231 844 1313 synodum,
872 1231 1104 1311 possessoribus
1134 1231 1245 1293 ratbe-

109 1335 202 1397 dralis
236 1334 386 1397 ecclesiae
422 1337 582 1416 propositi,
619 1335 736 1398 colonis
773 1334 1123 1416 arcldpresbpterorum3
1161 1334 1243 1414 quod

109 1437 231 1500 omnino
255 1437 418 1503 absurdum
440 1446 504 1517 est,
534 1439 698 1519 siquidem,
726 1445 759 1501 ut
780 1445 866 1500 recte
896 1438 956 1501 alio
986 1438 1017 1499 in
1043 1437 1113 1500 loco
1142 1429 1243 1500 bana-

108 1542 193 1604 ricus
220 1541 297 1604 liber
327 1542 433 1621 docet,
460 1543 496 1606 ad
523 1543 736 1622 episcoporum
767 1541 904 1623 synodos
932 1540 1156 1604 conveniebant
1183 1547 1243 1602 tam

109 1645 261 1726 principes
290 1644 502 1727 proceresque
529 1663 617 1726 quam
649 1646 812 1709 universus
843 1644 1024 1709 christianus
1049 1643 1244 1706 dioecesium

110 1749 241 1829 populus
249 1754 292 1824 ²).

195 1852 328 1915 'landem
358 1853 396 1917 ed
425 1853 549 1935 triplicis
582 1853 662 1916 illius
696 1852 901 1915 ecclesiastici
933 1850 992 1914 fori
1020 1851 1243 1915 similitudinem

108 1955 194 2018 finxit
216 1957 348 2037 scriptor
369 1956 479 2037 triplex
501 1974 624 2037 quoque
645 1957 675 2018 in
697 1956 845 2019 laieorum
863 1955 988 2037 Judieiis
1010 1955 1108 2018 lorum
1130 1954 1244 2016 obser-

109 2059 240 2122 vandum
262 2057 373 2139 luisse,
400 2060 519 2123 comitis
542 2060 701 2139 videlicet,
725 2057 840 2122 comitis
863 2059 969 2121 vicarii
991 2057 1191 2138 („sculteti”)
1214 2063 1246 2119 et

108 2161 222 2245 pagelli
238 2162 349 2244 judicis
372 2163 466 2242 („des
488 2181 648 2247 gogreven
671 2161 802 2247 ding'’),
828 2162 909 2243 quod
931 2163 1059 2243 primum
1081 2161 1245 2242 equitibus,

110 2264 235 2328 alterum
257 2267 498 2347 possessoribus,
521 2269 642 2328 tertium
665 2267 783 2331 colonis
806 2265 957 2329 adtribuit.
991 2264 1035 2327 Ea
1059 2272 1160 2328 autem
1182 2282 1246 2327 non

109 2367 229 2432 nisiex
251 2349 435 2450 partevera
457 2377 541 2450 sunt,
571 2371 722 2450 siquidem
745 2369 880 2451 cujusvis
903 2369 1086 2432 conditionis
1109 2367 1246 2430 bomini-

109 2471 184 2551 bus,
213 2474 350 2554 exceptis
379 2474 568 2538 solummodo
600 2475 718 2555 imperii
745 2473 932 2556 principibus
961 2473 1126 2535 communis
1155 2479 1247 2534 extra

110 2574 249 2640 civitates
263 2577 404 2640 comitum
413 2577 586 2659 jurisdictio
602 2585 678 2656 erat,
698 2578 819 2641 sculteti
835 2577 970 2657 denique·
976 2575 1149 2659 jurisdictio
1163 2575 1247 2637 libe-

110 2696 165 2741 rae
183 2679 368 2745 conditionis
386 2682 564 2758 colonos⁸)
576 2700 673 2762 aeque
695 2698 952 2763 acpessessores
976 2679 1246 2762 complectebatur.

171 2820 174 2825 ·
197 2781 247 2847 Ad
267 2784 429 2849 bavaricae
451 2786 531 2868 legis
553 2786 670 2850 locum:

265 2896 355 2971 caput
369 2888 424 2950 XV
433 2895 471 2963 ·§.
487 2890 522 2952 2:
546 2888 677 2969 „Comes
698 2907 774 2953 vero
792 2905 896 2951 secum
914 2888 1024 2951 habeat
1037 2887 1172 2968 judicem
1183 2885 1247 2932 -'’

111 2993 142 3056 in
158 2991 238 3074 juris
262 2993 428 3062 communis
449 2993 529 3056 libro
552 2991 722 3074 suppletur:
744 2994 775 3055 in
798 2992 905 3073 quouis
924 2990 1040 3072 judicio
1059 3007 1248 3072 praeconem

191 3206 221 3277 l)
241 3204 463 3279 „l'bleebballte”
481 3208 551 3264 idem
572 3213 632 3265 suut
653 3208 725 3282 quod
744 3208 817 3279 „viri
836 3207 990 3278 hereditati,
1010 3202 1154 3277 legitimi',
1174 3220 1248 3276 quo-

111 3319 171 3358 rum
194 3302 273 3376 plena
299 3302 326 3358 in
348 3302 459 3374 judiciis
484 3302 620 3375 fidejussio
646 3310 720 3376 erat3
746 3303 819 3377 apud
844 3303 942 3374 anglos
967 3300 1038 3373 „viri
1058 3300 1249 3374 plegiabiles.”

112 3399 206 3455 Ortum
225 3405 266 3455 est
286 3398 447 3466 vocabulum
467 3415 502 3455 ex
521 3398 605 3454 latino
626 3415 739 3471 „praem
759 3395 887 3472 praedis''
908 3397 983 3457 unde.
998 3393 1180 3471 ,praedium-'⁸
1202 3401 1250 3450 aut

111 3499 210 3549 mutata
234 3493 334 3565 liquida
360 3489 531 3565 „plediare”,
555 3493 655 3564 gallice
682 3490 828 3567 „pleger'',
854 3492 942 3549 medic
969 3506 1037 3547 aevo
1062 3491 1143 3546 latine
1165 3491 1249 3563 „ple-

111 3584 208 3659 giare*
229 3605 280 3661 pro
300 3587 458 3658 fidejubere.
497 3587 623 3659 Ejusdem
649 3589 763 3659 originis
790 3595 831 3644 est
853 3587 1000 3644 vernacula
1020 3602 1075 3643 vox
1096 3582 1250 3658 „pblicbt”

188 3683 221 3752 2)
241 3683 268 3738 L.
283 3683 313 3738 R.
327 3683 357 3739 B.
377 3699 436 3755 cap.
453 3681 522 3741 ¹40:
543 3683 646 3754 „ander
661 3684 783 3740 bisebole
801 3683 845 3740 die
861 3682 947 3739 under
962 3682 989 3737 in
1009 3681 1060 3737 sint
1081 3680 1125 3736 die
1146 3680 1248 3750 gebie-

112 3777 176 3834 tend
195 3777 243 3833 mit
262 3777 339 3833 rebte
360 3777 531 3833 cbristeulicb
551 3778 621 3834 dine.
648 3779 689 3835 sie
709 3767 855 3850 gebieteud
875 3777 923 3832 mil
942 3775 1003 3832 rebt
1023 3772 1081 3831 dar.
1104 3775 1175 3831 allen
1196 3775 1251 3831 den

110 3873 220 3930 ivrsteu.
242 3871 295 3928 vnd
310 3872 382 3928 allen
396 3871 450 3928 (len
463 3873 562 3929 herren
577 3873 621 3930 die
637 3875 664 3930 in
678 3875 702 3930 ir
715 3874 813 3930 bistvm
826 3873 931 3928 horeat.
952 3870 1017 3928 vnd
1036 3871 1128 3927 allen
1149 3869 1251 3926 cbri-

113 3967 288 4024 steulvten
308 3967 351 4024 die
371 3967 410 4023 air
430 3975 511 4040 tagen
530 3968 629 4032 komeu
648 3969 728 4026 sint.''
761 3968 802 4024 Cl.
817 3967 947 4039 Regino
966 3966 1029 4037 1,t‚
1045 3964 1095 4035 103
1115 3966 1148 4036 ll,
1164 3963 1250 4022 1-3.

178 4061 222 4131 d)
245 4061 394 4134 originarii
410 4064 517 4136 quidem
531 4063 650 4136 judicem
664 4063 800 4119 habebant
820 4061 980 4119 advocatum
995 4078 1011 4116 a
1027 4066 1119 4115 terrae
1140 4058 1252 4115 domino

114 4157 164 4214 sibi
178 4156 266 4212 datum
285 4158 339 4229 (jus
356 4175 424 4215 mun.
439 4177 495 4215 sax.
510 4165 560 4215 art.
575 4160 630 4230 L.),
650 4175 729 4230 quem
748 4159 853 4215 lib'erae
873 4155 1034 4214 conditionis
1053 4153 1177 4211 homines
1196 4169 1252 4210 non

114 4253 312 4326 agnoscebant3
338 4254 520 4312 criminalibus
545 4260 635 4310 tamen
659 4254 687 4309 in
713 4255 800 4310 crusis
827 4251 959 4326 ejusmodi
983 4267 1096 4324 qnoque·
1116 4265 1252 4323 personae

114 4352 167 4404 tam
187 4348 292 4407 comitis
312 4365 393 4422 qnam
411 4351 469 4423 ejus
487 4348 584 4408 vicarii
599 4347 705 4422 judicio
725 4349 841 4422 subjecti
860 4353 945 4408 eraut.
