2714 4898
545 123 782 190 -127-

138 296 265 372 Caput
288 294 342 354 tot
374 296 424 355 lit.
449 314 464 354 a
495 297 530 354 ad
558 297 639 371 capi-

29 442 33 453 .
80 394 115 451 tia
141 391 208 449 186
229 393 328 449 rerba:
359 393 440 465 „m
463 392 515 451 bot
540 409 572 448 er
597 409 641 450 sue

90 488 181 546 tende
201 488 296 543 daune
317 487 384 543 mos.
406 505 440 544 so
461 487 521 544 saite
542 504 574 542 er
590 487 640 543 mit

93 577 208 639 rebte”:

150 678 250 747 Aequa
276 676 352 731 ianoe
377 675 560 734 distribuenda
580 693 639 731 esse

100 777 239 843 parentum
268 771 339 826 bona
372 771 442 827 inter
472 771 573 826 liberos
605 787 639 825 ex

104 866 205 937 primis,
232 865 372 935 secundis,
396 865 518 923 tertiisve
541 864 640 936 nuptiis

106 965 289 1032 susceptos1).

156 1056 265 1128 Caput
292 1055 343 1110 tat
373 1055 422 1110 iit.
446 1056 472 1110 b.
499 1053 533 1109 ad
560 1055 640 1127 capi-

107 1149 135 1203 tia
149 1148 202 1206 tet
217 1150 317 1206 verba:
339 1151 424 1220 „acin
437 1167 469 1205 es
485 1149 557 1206 eccla
571 1149 639 1221 lidio

110 1244 187 1302 rbem
212 1245 324 1301 berron.
354 1246 418 1301 der
442 1245 549 1300 uimet
575 1244 640 1301 deo

109 1335 140 1391 bo
158 1341 221 1397 mit
242 1341 316 1396 dem
336 1335 469 1396 lebeo”:

155 1435 271 1490 Alienae
295 1433 458 1507 possessioni
487 1446 565 1488 nemo
590 1431 640 1486 nisi

108 1522 295 1585 interveniente
312 1527 412 1600 judicis
433 1527 592 1582 anctoritate
612 1544 641 1581 se

108 1615 267 1679 intromittat.
304 1623 352 1679 Rei
373 1623 508 1695 litigiosae
528 1638 639 1695 posses-

107 1709 211 1789 sionem,
230 1717 253 1773 si
272 1724 416 1773 contumax
435 1723 528 1774 tenens
550 1716 641 1787 tuerit,

107 1803 135 1858 td
153 1819 276 1868 actorem
298 1810 510 1870 transferendum
534 1828 592 1867 esse
603 1816 640 1881 ¹).

185 1969 339 2050 Capitibus
368 1966 533 2032 centesimo
564 1969 761 2050 nonagesimo
790 1965 926 2057 secundo
956 1982 1053 2045 usque
1083 1963 1122 2026 ad
1151 1982 1230 2026 cen-

105 2065 197 2134 tesimi
224 2073 414 2155 nonagesimi
441 2071 559 2152 septimi
585 2069 674 2132 finem
702 2070 865 2133 bavaricus
896 2069 1028 2149 scriptor
1058 2068 1096 2131 de
1124 2067 1230 2148 poenis

108 2220 305 2245 ''N—...u-

182 2329 208 2400 1)
229 2331 288 2387 Art.
304 2330 354 2387 69:
376 2329 444 2401 „Die
460 2329 523 2386 wite
544 2329 587 2385 die
609 2346 667 2384 man
688 2345 738 2387 ane
752 2328 825 2402 wiph
846 2327 918 2384 niobt
931 2342 1024 2385 wesen
1039 2343 1072 2385 ne
1086 2327 1141 2384 wit.
1162 2325 1231 2384 oder

10 2414 33 2541 [ἶ
104 2422 138 2466 ¹¹0
161 2421 310 2482 nach—‚³⁸

10 2508 30 2567 t-
180 2520 209 2588 2)
227 2521 288 2576 Art.
305 2520 355 2575 to:
376 2494 455 2591 „ttoni
475 2536 509 2575 ne
528 2520 569 2576 soi
591 2520 720 2575 uenando
741 2519 866 2575 casinen
888 2535 979 2574 weron
997 2519 1080 2576 uisen
1103 2533 1153 2574 von
1175 2534 1229 2589 ge-

10 2606 26 2639 *
100 2594 201 2671 fiebas
219 2616 319 2672 belven
337 2611 400 2671 -.”

12 2694 20 2787 J
106 2779 113 2789 ·
179 2708 239 2765 Post
257 2710 356 2766 verbe:
383 2724 435 2779 „ro
455 2708 554 2764 virdeit
574 2725 634 2763 men
654 2725 715 2779 yma
736 2709 779 2764 die
800 2725 875 2766 were
896 2709 943 2764 mit
963 2705 1086 2779 reobte”‚
1111 2708 1231 2764 bavarioi

10 2790 15 2809 '
92 2776 166 2857 fibri
187 2803 387 2860 adnotationem
412 2803 592 2875 interpretans
617 2804 760 2860 saxonicus
785 2804 904 2876 scriptor
924 2802 1032 2858 disserit
1057 2803 1091 2860 de
1117 2803 1231 2859 diversis

89 2886 199 2969 modis,
221 2899 319 2970 quibua
334 2900 408 2969 juste
428 2897 595 2953 abalienetur
616 2898 726 2969 aiicujus
746 2898 958 2970 rei-possessio,
981 2898 1083 2954 uerbis:
1105 2897 1231 2968 ,demetii

85 2979 162 3047 ’Νι
179 2992 224 3048 die
244 2993 321 3048 nach
341 2992 405 3048 sinis
430 2992 541 3048 reobten
564 2991 648 3062 guden
674 2992 720 3047 mit
741 2993 834 3048 reobte
855 2993 931 3048 aniob
952 2993 1074 3050 werden.
1099 2994 1134 3048 ob
1155 3009 1185 3048 er
1206 2993 1230 3048 in

81 3066 222 3143 'istosin
237 3082 300 3142 -.”
340 3087 440 3142 Locus:
466 3086 520 3156 „du
540 3102 626 3141 umme
647 3102 679 3140 ne
701 3093 755 3141 mut
776 3104 836 3142 men
856 3088 984 3142 nemonde
1009 3088 1067 3143 sine
1088 3103 1163 3142 were
1183 3086 1230 3142 mit

77 3168 193 3237 ‘cette
218 3179 444 3259 abegedwingen.
471 3197 500 3236 se
519 3196 554 3235 ue
574 3159 667 3235 werde
688 3197 750 3249 nme
773 3181 824 3236 abe
845 3198 997 3252 geuuuneu
1018 3181 1064 3237 mit
1083 3181 1176 3237 recbte
1196 3180 1229 3236 da

73 3246 151 3327 ¹¹0¹·
167 3290 200 3331 ιιι
219 3273 362 3331 autmorde
381 3275 406 3330 ai
420 3270 485 3343 -”,
512 3291 592 3347 quum
613 3275 671 3330 aliis
692 3280 792 3330 tuntum
813 3277 903 3331 verbis
929 3280 1034 3348 repetat
1053 3276 1175 3330 haustam
1195 3292 1229 3331 eu

70 3340 228 3425 ”fluctuo
247 3368 320 3424 iibro
338 3369 511 3440 sententiam,
536 3369 654 3425 ostendit
674 3386 752 3442 qnam
773 3372 886 3441 egregie
907 3370 1029 3426 satiantur
1050 3370 1096 3441 qui
1115 3370 1229 3425 bovari-

69 3451 159 3518 Qm
177 3463 275 3520 tibrum
294 3462 392 3519 docent
413 3469 502 3518 ortum
523 3480 580 3518 esse
602 3481 636 3518 ex
657 3465 779 3520 saxonici
798 3464 861 3519 libri
887 3465 1124 3534 commentatione,
1151 3481 1229 3536 quum

67 3529 141 3605 ¹¹5⁰
162 3564 274 3628 eontra,
300 3563 328 3612 ut
347 3557 413 3613 alias
432 3558 602 3629 saepissime,
625 3559 765 3614 saxonicus
784 3559 901 3631 scriptor
922 3559 1052 3614 verbosus
1072 3559 1228 3631 depreben-

69 3623 177 3736 ἀξίη
194 3653 222 3709 io
243 3651 408 3709 nnndoendo
428 3658 455 3708 et
475 3652 637 3724 exptioando
658 3652 787 3708 bovarico
807 3653 885 3708 libro.
926 3653 1123 3735 iuterpretandi
1142 3652 1228 3708 studio

72 3739 219 3803 ”militer
239 3746 355 3802 debetur
372 3762 486 3819 mouens
506 3746 627 3802 saxonici
647 3747 708 3802 libri
725 3747 815 3803 iocus:
837 3747 930 3816 „Wirt
947 3747 1012 3802 aber
1029 3764 1082 3819 eyn
1098 3763 1157 3803 man
1174 3748 1228 3802 be-

79 3823 189 3912 ⁰¹⁸get
207 3856 295 3897 unare
314 3840 436 3897 runbeke
455 3856 531 3896 were
546 3836 610 3909 -‘'-‚
636 3840 681 3895 ubi
707 3841 741 3896 ad
761 3841 880 3899 baturici
901 3840 962 3895 libri
984 3842 1155 3911 sententiam,
1175 3842 1227 3895 rite

86 3915 125 3978 '¹¹¹
149 3934 193 4006 jos
218 3933 367 3990 vocandum
393 3950 459 3989 esse·
481 3941 613 3990 tenentem
641 3936 794 4007 priusquam
822 3935 861 3990 iili
886 3935 1021 4007 possessio
1050 3935 1227 4007 adjudicetur,

8 4080 14 4091 ,
98 4028 259 4102 excipiendo
279 4033 388 4087 notatur
402 4026 475 4083 nulla
496 4028 623 4086 citatione
644 4045 711 4101 opus
730 4046 801 4099 esse,
821 4029 845 4088 si
862 4030 997 4089 latrocinii
1011 4046 1074 4086 reus
1089 4029 1117 4085 in
1131 4045 1226 4089 recena

105 4122 239 4181 muoso
252 4121 371 4181 crimine
391 4120 576 4197 deprehensus
596 4123 684 4182 tuerit.
