2714 4898
551 333 785 397 -131-

107 519 198 559 eorum
224 501 334 559 domino
358 503 443 574 judex
472 522 523 577 per
550 523 645 563 annum

106 605 130 653 et
148 597 220 653 diem
240 598 384 668 custodiat,
403 606 596 672 expectaturus
613 620 646 658 aa

105 690 197 762 aliquis
218 708 250 746 ea
271 692 321 747 sibi
341 692 522 750 vindicaturus
540 696 643 767 veniat,

104 791 164 857 post
185 803 281 842 annum
303 795 330 845 et
350 788 420 844 diem
441 790 468 844 in
483 790 574 846 liscum
594 808 643 846 re-

103 882 226 951 digantur
240 882 289 936 uisi
303 882 441 937 vindicans
455 883 574 953 legitime
589 887 642 940 iur-

104 975 206 1046 peditus
226 975 354 1044 suerit¹).

159 1071 268 1143 Caput
289 1071 354 1126 200.
395 1071 530 1128 Neminem
556 1075 642 1130 male-

99 1164 226 1220 faciendo
252 1165 419 1221 committere
449 1167 536 1222 aliena
562 1170 643 1239 bona,

100 1274 213 1329 qnorum
227 1260 356 1315 duntaxat
370 1261 519 1317 custodiam
533 1263 641 1333 habeat,

98 1354 145 1410 sed
166 1355 220 1409 vita
246 1357 380 1426 rebusque
400 1356 519 1428 propriis
544 1357 641 1412 luenda
731 1367 733 1375 ’

100 1466 156 1505 csse
171 1449 283 1505 crimina
297 1456 454 1522 perpetrata
464 1453 501 1518 ¹).
520 1452 641 1522 Denique

99 1544 201 1615 siquis
222 1544 379 1600 malefactor
401 1546 538 1601 comiserit
560 1547 641 1615 bona,

95 1655 142 1695 res
163 1645 262 1709 emtas,
286 1656 398 1710 quarum
418 1640 533 1697 nondum
554 1640 640 1696 soluta

97 1736 131 1789 ab
152 1751 185 1790 co
206 1741 264 1789 sunt
285 1735 388 1807 pretia,
414 1751 536 1806 quaeque
557 1735 638 1791 inac-

92 1829 202 1885 niantnr
216 1829 286 1902 apud
300 1844 385 1900 reum,
402 1829 565 1885 restituenda
580 1847 639 1886 osse

95 1924 296 1995 venditoribus,
324 1924 404 1995 idque
431 1924 467 1980 ita
493 1931 638 1981 consenta-

92 2036 173 2075 ueum
195 2036 253 2076 esse
269 2019 326 2089 juri
347 2017 445 2075 divino.

181 2182 278 2256 Quum
308 2181 519 2264 praecedentis
550 2182 655 2264 capitis
685 2183 740 2248 snb
770 2183 859 2246 tinem
889 2183 981 2247 divini
1006 2187 1084 2268 Juris
1114 2189 1227 2252 montio

91 2286 174 2349 illata
204 2285 310 2367 luerit,
345 2287 539 2350 occasionem
568 2286 599 2348 id
630 2286 747 2349 cuidam
776 2287 913 2350 bavarici
941 2288 1010 2351 libri
1039 2290 1227 2374 recognitori

91 2389 187 2469 dedit,
210 2389 363 2454 inserendi
385 2388 444 2452 boc
466 2388 536 2452 loco
555 2388 634 2470 juris
652 2388 778 2453 Mosaici
795 2389 832 2452 de
857 2390 1014 2455 criminum
1037 2394 1143 2474 poenis
1166 2414 1226 2457 ex·

91 2494 284 2573 positionem,
308 2511 396 2572 quam
418 2499 487 2574 post
509 2493 613 2573 capitis
632 2491 830 2557 ducentesimi
846 2494 939 2556 uerba
961 2495 1039 2575 „daz
1057 2495 1097 2559 ist
1114 2503 1227 2575 potes

91 2595 208 2661 rabt’'
231 2596 369 2659 exhibet:

179 2698 299 2780 Caput
314 2699 388 2780 201,
410 2699 575 2780 incipiens:
598 2697 730 2777 „Disvi
748 2706 845 2769 wort
867 2699 1009 2780 spracb
1030 2707 1099 2784 got
1118 2703 1227 2767 selbe

91 2804 218 2868 wider
239 2802 430 2885 Moyseu.’'

169 2901 277 2970 ¹Locus
308 2923 348 2967 ex
375 2905 450 2986 ipsis
480 2906 578 2968 sacris
612 2906 773 2986 scripturis
805 2904 931 2969 haustus
960 2905 1098 2970 ordinem
1127 2915 1227 2971 tamen

90 3009 194 3094 prodit
215 3009 282 3072 libri
305 3008 342 3070 de
366 3008 476 3072 collato
501 3008 539 3070 ad
561 3009 661 3091 legem
682 3007 846 3071 Mosaioam
864 3010 935 3090 Jure
957 3026 1094 3089 romano,
1116 3012 1225 3092 cujus·

91 3132 152 3195 que
176 3113 216 3175 ad
238 3111 360 3176 schema
384 3112 536 3191 antiquam
553 3110 761 3191 bajuariorum
782 3111 883 3194 legem
905 3128 998 3193 supra
1020 3113 1113 3176 docui
1135 3132 1225 3177 com·

91 3218 218 3299 positam
241 3233 320 3280 esse.
365 3215 471 3278 Totum
501 3223 599 3277 autem
630 3213 688 3277 boc
718 3221 808 3295 caput
837 3215 921 3295 prius
945 3215 1060 3296 scripto
1081 3216 1226 3279 bovarico

90 3320 169 3383 libro
193 3337 210 3380 a
232 3319 399 3381 recentiori
420 3335 510 3380 manu
533 3318 677 3380 insertum
702 3324 752 3379 aut
780 3317 811 3378 in
840 3318 976 3403 margine
1001 3317 1132 3380 additum
1156 3336 1225 3380 esse

90 3422 206 3485 diserte
229 3437 286 3484 nos
309 3420 420 3484 docent
441 3418 540 3482 finalia
563 3420 628 3502 eJus
651 3418 762 3482 verba:
785 3418 860 3499 „Hie
885 3420 944 3481 sint
964 3418 1003 3483 dv
1021 3426 1099 3482 wort
1117 3438 1155 3483 va
1176 3419 1226 3483 dir

90 3531 147 3609 got
168 3522 360 3608 gesprooben
383 3522 443 3587 bat.
468 3523 530 3586 dvi
553 3522 673 3585 baben
695 3523 762 3585 wir
785 3520 963 3585 darumbe
986 3521 1021 3583 in
1044 3520 1103 3584 din
1125 3510 1226 3588 tlon

92 3679 299 3691 ——--

172 3762 202 3830 1)
223 3762 327 3818 Omissa
347 3763 488 3832 sententia,
513 3763 557 3819 cai
577 3768 640 3819 nota
660 3763 740 3833 baec,
759 3768 789 3816 at
808 3776 889 3833 supra
908 3761 1065 3830 monstrari,
1085 3760 1225 3833 cohaeret,

90 3857 151 3929 ejus
169 3863 355 3928 argumentum
375 3858 476 3930 repetit
496 3857 639 3913 saxonicus
659 3856 776 3929 scriptor
795 3862 846 3913 art.
862 3855 898 3912 78
914 3855 1018 3912 verbis:
1039 3854 1135 3926 „Dare
1154 3856 1225 3913 noclr

89 3951 162 4008 ronb
182 3950 226 4006 die
246 3967 306 4007 men
326 3950 410 4006 under
430 3967 492 4020 ymc
512 3950 569 4005 aiut
585 3950 649 4006 -.”

169 4044 355 4115 2)Α11.191
381 4044 515 4114 „Nieraan
540 4054 578 4099 ne'
600 4044 676 4100 urach
699 4043 854 4099 viruerlren
878 4042 954 4112 ernis
979 4042 1098 4101 anderen
1122 4041 1224 4099 mannis

89 4143 149 4211 put.
174 4139 211 4194 ob
235 4139 285 4194 ber
311 4139 336 4193 in
361 4137 447 4193 under
471 4155 533 4208 nme
558 4138 612 4194 bat.
643 4137 765 4193 dennocb
790 4137 838 4192 ber
863 4136 939 4192 sinen
963 4137 1020 4210 lipb
1045 4132 1222 4195 verwirket''

89 4232 204 4304 Reliqua
224 4248 292 4304 qnae
312 4233 339 4288 in
360 4232 482 4289 bavarici
501 4232 564 4289 libri
584 4232 673 4304 capite
692 4247 772 4303 supra
792 4231 879 4287 relato
897 4231 1023 4302 leguntur
1042 4229 1223 4303 praetermisit

89 4326 232 4387 suonicus
252 4325 378 4402 scriptor.
1213 4307 1222 4318 ”

974 4390 1222 4484 μ..
