2722 4898
616 358 852 424 -162—

223 534 345 618 Caput
367 534 440 599 253.
478 532 635 598 Armatum
657 534 708 596 in-

169 640 282 704 cedere
297 645 504 704 evocatumut
514 638 610 720 judici
621 655 711 719 opem

168 743 246 817 ierat
260 742 348 810 nefas
362 762 424 807 non
440 759 511 807 esse
522 745 566 818 ¹).

809 845 869 900 Art.
888 840 952 898 107.
983 841 1114 912 „Biccca
1132 857 1308 914 qcsworeme

657 962 659 967 ·
723 935 727 939 ’
760 940 847 995 erede
870 955 906 994 ne
931 938 977 994 sot
1000 953 1063 992 men
1087 935 1217 993 chheine
1243 954 1307 993 wu-

756 1034 848 1106 pheae
872 1050 971 1090 aurea.
998 1033 1057 1088 dau
1079 1049 1116 1087 aa
1138 1032 1189 1088 des
1210 1031 1307 1088 siches

760 1129 877 1186 directe.
897 1129 973 1185 cade
991 1143 1028 1182 aa
1046 1126 1212 1194 cerasten.
1234 1142 1307 1182 scn-

761 1225 812 1280 der
832 1230 925 1279 swerd.

810 1317 872 1375 Atte
886 1316 932 1374 die
945 1317 1051 1374 undere
1065 1316 1198 1389 cophene
1212 1324 1306 1373 curet.

761 1413 831 1469 aber
857 1413 903 1469 die
927 1412 979 1468 sot
997 1429 1060 1468 men
1085 1411 1203 1468 rechten.
1237 1419 1310 1467 went

761 1508 905 1564 scindes
926 1506 1020 1563 richer
1037 1505 1121 1562 echte
1141 1506 1195 1562 sic.
1218 1506 1255 1563 ch
1276 1524 1309 1564 se

764 1603 802 1659 du
821 1609 893 1659 mete
911 1618 1059 1676 qevanpea
1077 1602 1190 1659 cem
1200 1603 1241 1671 ⁸).

814 1697 904 1753 Swert
921 1713 958 1752 ac
977 1705 1038 1753 mut
1054 1713 1117 1754 men
1134 1696 1210 1754 euch
1230 1696 1310 1754 niem

763 1801 866 1866 tropen
890 1791 991 1849 tiam
1017 1790 1153 1866 derphen.
1180 1793 1240 1850 olle
1263 1794 1312 1850 ds'e

763 1889 802 1944 dc
826 1887 926 1944 dienen
951 1904 1049 1946 conen
1074 1888 1147 1945 odes
1167 1887 1312 1963 herdcrqe

765 1978 939 2051 notendo.

276 2224 279 2231 -
346 2181 466 2264 Caput
490 2183 519 2247 5.
557 2178 599 2250 he
621 2172 970 2283 amthdnfffflm
990 2177 1137 2252 habentia

232 2337 348 2420 Caput
369 2336 432 2401 253
456 2338 610 2402 averhisr
635 2339 717 2415 „der

174 2442 275 2505 rihter
296 2461 367 2523 mop
390 2443 452 2506 wat
470 2442 644 2522 pedietec’':

231 2545 410 2625 Quicunque
433 2545 471 2607 de
499 2545 613 2608 tuenda
639 2563 715 2625 pace

171 2649 335 2729 jnraverit,
371 2650 409 2712 oh
439 2666 627 2712 communem
655 2666 716 2711 ne-

176 2873 242 2931 pace
267 2856 382 2913 tenenda
404 2857 518 2927 dictum,
545 2856 579 2912 de
604 2855 697 2928 poenis
723 2862 812 2913 autem
839 2855 954 2912 violatae
977 2856 1054 2929 'pacis
1080 2855 1146 2912 nihil
1172 2856 1312 2929 huomque

176 2957 302 3008 statutum
322 2969 390 3008 esse.
423 2952 614 3007 Praetermissa
632 2953 702 3007 enim
721 2953 748 3008 in
768 2952 898 3008 saxonico
914 2951 985 3008 libro
1002 2936 1071 3022 sunt,
1092 2967 1161 3023 quae
1177 2951 1213 3008 de
1234 2952 1313 3008 furtis

176 3046 288 3120 aliisque
307 3046 411 3102 delictis
431 3046 576 3102 commissis
597 3047 623 3101 in
645 3047 771 3117 ecclesie,
792 3046 931 3102 cimeterio
946 3045 990 3101 vel
1006 3045 1153 3103 moletriuis
1165 3046 1314 3103 hardricus

176 3141 246 3199 liber
267 3140 374 3198 exhibet
395 3141 527 3213 capitibus
548 3140 604 3197 248
625 3146 651 3195 et
672 3141 736 3198 249.

257 3235 287 3307 i)
315 3233 479 3308 „Gcwefene
506 3252 578 3306 mag
604 3251 674 3291 nau
699 3237 765 3291 wo}
790 3236 913 3293 iivren.
939 3253 1047 3293 swenne
1070 3251 1130 3291 man
1150 3234 1238 3291 durch
1258 3251 1313 3308 ge-

177 3331 260 3389 rihtea
276 3336 323 3387 not
337 3347 402 3388 vara
419 3326 489 3386 sol.''
523 3331 625 3386 Forsan
646 3329 834 3403 expectaveris
855 3331 957 3387 dixisse
977 3331 1152 3402 scriptorem:
1173 3336 1313 3402 ‚armatus

177 3423 352 3497 incednt''‚
377 3441 430 3482 nou
450 3432 600 3496 „armatum
621 3425 784 3481 incedere
807 3425 928 3497 iicet”,
955 3426 998 3482 eui
1023 3425 1183 3497 imperatum
1203 3431 1262 3496 est,
1284 3431 1314 3480 nt

175 3521 260 3593 judici
281 3521 468 3593 opitularetur.
510 3519 564 3576 Sed
584 3521 690 3592 respice
710 3519 836 3591 Ansegisi
858 3527 937 3593 caput
962 3521 1007 3577 hic
1032 3520 1208 3590 illustratum,
1235 3520 1314 3592 cnjus

179 3615 256 3671 initio
276 3614 391 3686 legitur:
418 3616 481 3685 „De
502 3615 602 3670 armis
630 3615 719 3671 inira
740 3616 889 3686 patriam
914 3632 979 3672 nou
1000 3613 1197 3688 portandis,
1224 3613 1314 3672 idest

179 3709 261 3767 scutis
287 3715 319 3776 et
340 3708 442 3767 lanceis
471 3716 499 3765 et
527 3706 647 3766 loricis?
690 3709 823 3782 Apposita
852 3711 942 3782 itaque
972 3699 1081 3766 notauit
1102 3709 1222 3780 scriptor
1248 3725 1316 3767 non

179 3803 360 3878 pertinere
383 3804 469 3860 hane
495 3803 587 3874 legis
612 3804 883 3876 prohihitionem
909 3804 944 3861 ad
969 3809 1099 3862 euocatos
1124 3803 1158 3860 ad
1185 3804 1316 3862 tuendam

177 3899 307 3972 justitiam
327 3899 467 3970 et'pacera
487 3898 627 3956 internam,
977 3885 983 3897 ’

180 3992 185 4001 ”
257 3993 289 4069 2)
315 3991 384 4064 hips.
399 3991 481 4049 cod:
501 4009 571 4063 „zcu
589 3990 752 4064 torneyen.”

258 4087 292 4159 3)
317 4087 347 4144 ld
368 4093 422 4144 est:
447 4102 539 4143 coram
561 4089 676 4160 imperio
697 4089 910 4162 proscriptorum
930 4089 1013 4147 instar
1033 4087 1173 4146 habendos
1192 4091 1319 4162 punien-

182 4183 283 4256 dosque
303 4198 374 4253 esse,
394 4181 439 4255 qui
455 4182 534 4239 aliter
549 4199 627 4255 quam
641 4183 740 4238 dictura
756 4191 807 4255 est,
820 4185 907 4242 armis
927 4184 1050 4241 instructi
1065 4184 1320 4257 deprehendantur.

258 4278 293 4348 4)
318 4276 508 4335 commentarii
528 4276 563 4335 ad
578 4278 749 4351 heregisum,
768 4279 796 4336 id
815 4280 1052 4354 ipsemecum,
1072 4285 1322 4342 commentatorem

182 4371 228 4432 hio
246 4372 304 4450 agit
322 4373 463 4434 suouicus
483 4372 608 4446 scriptor.
