2722 4898
538 362 773 428 -161-

113 533 224 596 nutotoe
260 533 383 599 nornine
419 534 514 618 judici
552 555 632 602 con-
662 540 741 612 ¹ter
761 539 950 604 nore-inme.
984 538 1044 603 Die
1065 559 1105 604 ne
1126 539 1223 606 seiten

113 637 283 712 dennori¹).
683 643 757 706 niet
772 644 1224 725 einirinndewapienouren

684 747 762 809 oder
779 754 890 828 tropen
913 748 1043 822 [sunder
1059 754 1180 825 swern.
1228 805 1231 810 .

729 850 842 905 Inseruit
851 850 904 906 hoe
915 850 977 906 {ooo
987 851 1125 923 posterior
1135 868 1222 924 quoe·
1281 911 1283 915 ,

588 988 593 994 .
683 943 741 999 dem
760 961 850 1000 monus
868 944 989 1001 hererici
1006 945 1069 1001 libri
1085 947 1173 1003 looum
1188 948 1222 1003 de

681 1054 751 1109 equo
781 1039 979 1111 peregrinantis
1011 1039 1096 1112 iesse,
1132 1043 1221 1114 pibu-

681 1132 787 1189 intionis
818 1151 899 1190 eorrso
926 1135 952 1189 in
982 1151 1077 1206 agrum
1102 1136 1221 1192 immisso

682 1228 719 1292 (o.
736 1228 822 1299 202),
848 1245 962 1300 quemn
983 1229 1070 1302 primo
1093 1229 1221 1286 saxonico

681 1322 816 1394 scriptore
843 1340 924 1395 supro
949 1323 1052 1380 ostendi
1078 1324 1147 1380 odeo
1168 1325 1221 1380 de-

680 1423 821 1487 pravatum
838 1435 907 1489 esse,
924 1425 952 1473 ut
968 1425 1077 1491 poterat
1092 1433 1144 1491 pro
1159 1434 1220 1481 om,-

682 1512 761 1567 misso
782 1512 885 1569 heberi.

158 1600 254 1674 ceput
268 1599 333 1656 252.
360 1599 402 1657 Ex
418 1616 519 1665 errore=
530 1602 631 1661 inserte

111 1701 143 1750 est
162 1711 268 1767 sequens
292 1700 357 1750 nota
380 1701 441 1751 ente
462 1702 543 1768 oeput
563 1698 629 1769 253,

110 1790 170 1860 eujus
195 1791 227 1846 ed
251 1789 338 1846 verbo
362 1790 481 1862 pertinet
507 1791 559 1859 (iit.
582 1795 630 1863 bJ:

109 1885 194 1954 „inne
219 1885 298 1960 tapes
326 1901 393 1940 man
426 1885 507 1943 einen
532 1887 629 1957 ¹fride-

110 1977 209 2038 ireeier
228 1983 300 2038 oder
320 1980 400 2036 einen
420 1980 516 2038 ociter
532 1977 594 2039 -.”

156 2076 180 2131 Si
196 2077 269 2149 pacis
284 2076 400 2132 violator
416 2077 631 2151 proscriptione,
735 2079 793 2135 Art.
818 2077 879 2134 107.
915 2079 1014 2148 „Sner
1040 2081 1126 2135 dedet
1152 2079 1223 2136 oder

109 2186 172 2240 quun
185 2172 210 2227 in
225 2171 561 2255 vinculeoonjioerem
574 2186 629 2273 ῃ-
682 2175 793 2231 inundet
812 2190 901 2247 epnen
919 2173 1149 2231 oredebreciere.
1171 2173 1223 2231 ier

110 2263 161 2321 lenti
183 2267 334 2336 resisteret,
360 2265 517 2322 interiectus
541 2260 631 2324 eb'eo
683 2268 761 2325 elion
787 2270 813 2323 ie
839 2269 946 2324 sunder
971 2269 1087 2326 wandel.
1116 2267 1223 2324 obiter

110 2358 278 2418 vulneratosve
310 2361 359 2430 sit,
390 2377 440 2416 neo
464 2361 550 2432 judici
581 2380 630 2417 neo
683 2364 738 2419 dan
759 2362 834 2419 seibe
851 2362 971 2419 sebenno
987 2379 1115 2437 pennpen
1130 2362 1221 2418 maen.

110 2452 224 2512 interfecti
243 2455 402 2529 propinquis
426 2472 487 2510 eum
507 2457 552 2527 qni
578 2458 630 2512 troo
683 2459 738 2512 dns
772 2457 824 2513 lter
855 2457 901 2514 ine
932 2459 1067 2514 wnndede
1099 2474 1138 2512 an
1171 2458 1224 2513 der

110 2546 196 2622 feeerit,
215 2567 319 2625 poenae
337 2550 442 2606 nomine
459 2552 561 2623 teneri;
583 2551 630 2606 sed
683 2552 778 2608 vincit
804 2552 874 2609 oder
894 2552 923 2607 in
949 2553 1001 2607 der
1021 2554 1079 2609 tad.
1108 2553 1146 2610 do
1171 2551 1223 2608 ier

111 2638 268 2714 injudioium
295 2645 478 2701 adducendum
505 2664 563 2702 esse
586 2653 631 2702 eut
684 2645 738 2703 den
757 2647 844 2703 erede
864 2642 995 2704 breche.’'

111 2732 227 2796 interiecti
248 2756 362 2814 eorpus,
388 2747 433 2796 ont
454 2740 631 2812 vulneratum,

113 2830 148 2901 qni
159 2833 269 2892 illaesum
283 2853 315 2893 se
331 2835 392 2910 oapi
406 2852 499 2909 possus
515 2853 567 2917 non
583 2843 632 2906 est,

112 2929 134 2978 nt
149 2927 176 2983 de
194 2933 249 3003 ejus
270 2931 382 2988 erimine
409 2938 539 2989 statuetur
559 2931 632 3006 quod

110 3017 188 3086 justum
206 3025 368 3099 reperietur.

760 3116 847 3185 Inepte
860 3115 901 3168 hio
913 3115 1015 3184 repetiit
1027 3116 1130 3185 quidem
1143 3114 1225 3169 libra·

717 3204 769 3255 rins
788 3221 820 3255 ex
843 3202 948 3255 articulo
967 3202 1014 3256 70:
1037 3202 1167 3268 „Metine
1188 3202 1228 3254 sol

715 3306 840 3343 nemnnne
854 3289 932 3341 wisan
946 3305 995 3341 oon
1010 3288 1072 3340 sime
1081 3290 1158 3359 pede.
1177 3291 1225 3342 das

717 3377 764 3428 iter·
777 3376 806 3427 in
819 3392 935 3445 poweren
950 3375 1003 3427 ient.
1021 3392 1077 3444 yma
1090 3375 1173 3426 werde
1185 3375 1226 3426 die

713 3459 1225 3532 poneremitreeiteniepewnnnen”¹).

117 3604 214 3621 κὴ.
220 3615 299 3622 ..--

174 3706 201 3778 1)
222 3705 359 3781 iriderioi
384 3707 464 3782 primi
490 3707 662 3782 imperatoris
684 3705 843 3765 constitutio
869 3705 903 3762 de
929 3721 996 3778 pnes
1022 3720 1074 3761 non
1100 3703 1227 3763 violanda

115 3797 164 3855 toni
180 3801 250 3860 1156
271 3809 324 3861 ort.
339 3801 389 3859 15:
416 3803 478 3876 „An
499 3805 625 3877 petatium
648 3802 754 3861 comitis
777 3802 864 3859 nullus
889 3801 964 3858 miles
984 3800 1064 3856 ducet
1084 3816 1158 3858 orme
1176 3800 1226 3858 nisi

114 3903 239 3964 renense
259 3894 377 3955 eomite''
400 3899 502 3968 (Pern
522 3898 695 3972 11,p.103).
1222 3970 1225 3974 ῃ

175 3993 205 4063 2)
230 3994 324 4051 Verbo
349 3994 470 4067 proxime
495 3995 645 4065 sequentia:
676 3991 774 4065 „Swer
799 3991 851 4047 den
876 3989 960 4047 vrede
986 3989 1084 4047 bricht.
1111 3988 1160 4046 dnn
1185 3989 1226 4046 sol

115 4096 163 4141 nen
178 4090 280 4147 riohten
299 4089 356 4146 eise
377 4088 410 4145 de
431 4105 498 4145 vore
518 4089 625 4163 gesogit
645 4085 699 4159 is''‚
725 4093 784 4144 orto
807 4092 866 4142 sunt
887 4102 922 4140 ox
941 4084 1064 4142 hevorioi
1083 4083 1138 4140 looi
1156 4099 1225 4140 ver-

115 4175 220 4250 tristent
239 4185 370 4260 erp.252
390 4184 497 4254 Ιίιιεω);
526 4184 615 4256 „vnde
640 4185 681 4240 sol
702 4183 751 4239 der
771 4181 856 4237 rihter
876 4181 943 4236 vber
964 4180 991 4234 in
1017 4179 1112 4252 (pacis
1133 4178 1225 4235 violo-

115 4273 187 4334 toren
203 4283 248 4340 ret
267 4279 572 4357 proscriptnmtrihten
592 4280 677 4336 neoh
697 4278 790 4335 einer
810 4271 978 4333 schulde.''
1013 4272 1067 4331 Sed
1084 4273 1225 4331 saxonicos

115 4369 214 4446 scriptor
234 4376 268 4435 ed
287 4375 363 4452 prius
389 4375 514 4452 exposite
540 4375 678 4433 remittens
703 4373 841 4431 immemor
864 4376 941 4452 eret,
967 4375 1046 4425 anteo
1066 4367 1226 4450 quidende

987 4478 1018 4532 11
