2722 4898
570 333 783 406 *28-

111 507 268 595 greven’)
283 508 467 573 rusticorum
484 508 647 592 magistros
663 507 910 590 („burmester¹')
929 507 1090 587 substituit,
1113 512 1245 588 cumque

48 642 51 650 ¹
106 612 327 696 jurisdictionis
350 613 479 694 speeies,
507 631 586 693 quae
605 613 664 674 illis
687 611 925 690 adscriberetur,
950 612 1082 691 deesset,
1106 611 1144 674 ad
1167 629 1245 691 sup·

110 718 248 800 plendam
270 716 349 779 hanc
371 716 510 779 lacunam
526 716 563 778 de
584 715 760 778 criminibus
782 735 823 778 ex
845 706 1014 778 vicinorur‘n
1037 731 1191 778 consensu
1214 712 1245 775 in

110 820 246 905 generali
268 821 380 901 placito
403 838 459 900 per
481 836 536 883 eos
558 817 776 900 patefaciendis
799 819 870 904 egit.
905 841 912 849 ·
935 829 939 839 ’
1000 848 1013 863 ‹·
1186 831 1189 835 ·

196 922 333 987 Edictum
355 922 564 1004 Bajnariornm
585 922 646 1009 legi
668 923 813 986 insertum
834 922 914 1000 loco,
938 939 1027 1002 quern
1050 937 1143 1002 supra
1165 920 1246 984 alle-

109 1028 191 1111 gavi,
213 1032 360 1093 statuerat
381 1026 515 1107 insuper,
540 1024 649 1090 adesse
674 1033 817 1110 oportere
837 1026 960 1089 comiti:

262 1130 399 1208 „librum
421 1131 513 1210 lepis,
541 1138 576 1193 ct
603 1149 725 1211 semper
745 1137 864 1193 rectam
882 1130 1042 1209 judiciam
1056 1128 1184 1207 judicet
1206 1128 1247 1191 de

156 1251 161 1298 ,’
186 1274 193 1279 -
265 1235 478 1309 ommi-cocae,
502 1251 581 1314 quoe
604 1234 817 1315 componenda
838 1234 943 1297 sont.'’

138 1392 141 1398 .
197 1337 285 1410 Quod
308 1337 438 1419 quidem
452 1344 662 1418 praeceptum,
690 1343 793 1418 utpote
815 1356 850 1399 re
874 1337 1003 1400 omniurn
1026 1336 1055 1398 in
1079 1343 1247 1417 conspectu

111 1440 226 1523 posita,
249 1440 280 1503 in
304 1441 532 1504 desuetudinem
556 1440 639 1503 abire
661 1440 762 1507 facile¹
780 1459 841 1505 non
862 1441 972 1521 potuit,
994 1441 1077 1504 unde
1097 1456 1246 1521 perquam

110 1543 272 1608 verisimile
301 1543 332 1607 lit
365 1544 595 1624 caracallarum,
631 1562 720 1625 quern
754 1545 785 1607 in
815 1545 924 1625 quovis
953 1543 1071 1626 jardieio
1101 1543 1247 1606 adbibere

112 1648 304 1727 cornilumin
326 1649 475 1712 mandalis
498 1656 575 1727 erat,
599 1648 761 1731 diligenter
778 1648 941 1711 bavaricae
963 1647 1042 1731 legis
1065 1647 1165 1710 codici
1189 1665 1246 1710 suo

112 1752 321 1833 adscripsisse,
345 1770 424 1832 quae
442 1769 521 1816 nova
538 1751 618 1833 juris
635 1751 713 1814 ratio
730 1769 872 1816 rerumve
890 1751 1026 1814 similiter
1043 1751 1247 1833 judicatarum

112 1856 276 1919 auctoritas
299 1854 536 1936 suppeditarent.
569 1854 724 1936 Ejusmodi
740 1873 818 1917 ¹vero
841 1856 1020 1934 additiones,
1043 1872 1124 1935 quae
1144 1853 1247 1935 majo-

110 1978 176 2022 rem
204 1960 235 2022 in
260 1959 371 2023 molem
401 1965 605 2022 excreverant
633 1958 788 2039 cumipse
812 1959 891 2042 lege,
920 1958 1143 2040 praetermissis
1166 1974 1247 2038 quae

112 2063 334 2140 obsoleverant,
358 2063 389 2124 in
411 2080 524 2125 novum
547 2061 685 2126 codicem
708 2063 922 2143 transscriptas
945 2060 1162 2126 conscribendi
1185 2061 1246 2123 ba-

111 2165 208 2230 veriei
230 2165 298 2227 libri
316 2164 377 2246 jam
400 2184 461 2228 non
485 2165 609 2247 amplius
632 2166 791 2228 miraberis
815 2173 844 2227 et
867 2165 1026 2234 consilium
1048 2165 1248 2251 suggessisse

112 2276 149 2338 et.
164 2271 260 2351 prima
282 2276 315 2331 ut
338 2267 400 2330 dixi
422 2275 571 2348 tanquam·
587 2267 779 2333 fundamenta
802 2269 1056 2332 subministrasse.

198 2372 289 2446 Quod
313 2371 549 2456 luculentissime
577 2373 603 2436 is
632 2373 698 2455 ipse
727 2373 765 2435 de
795 2390 855 2453 quo
882 2373 983 2455 agitur
1004 2372 1092 2437 locus
1115 2361 1247 2436 demon-

113 2482 198 2541 strat.
237 2476 315 2541 Tam
342 2477 421 2542 enim
449 2483 592 2539 accurate
621 2476 783 2541 bavaricae
802 2476 882 2559 legis
906 2476 983 2539 ordo
1005 2475 1134 2557 injuris
1158 2493 1248 2539 com-

111 2579 211 2643 munis
225 2577 305 2642 libro
317 2587 470 2659 seruatur,
485 2587 518 2642 ut
533 2580 644 2662 injecta
658 2580 736 2663 legis
747 2579 816 2642 libri
830 2580 983 2644 mentione
999 2581 1098 2642 statim
1115 2579 1249 2660 scriptor

113 2683 262 2764 atripliol
279 2700 367 2764 quam
390 2684 421 2746 in
444 2683 573 2747 exordio
597 2690 783 2765 exposuerat
804 2681 934 2746 hominis
957 2684 1100 2768 dignitate
1123 2700 1248 2747 sermo-

110 2805 179 2856 nem
208 2794 356 2868 repetens
379 2787 418 2850 de
442 2786 549 2851 divinis
571 2787 825 2866 institutionibus,
855 2788 964 2868 quibus
988 2787 1027 2850 ad
1050 2785 1248 2850 sustinendas

110 2898 169 2954 tam
192 2909 318 2974 magnas
341 2891 502 2973 dignitates
529 2891 680 2954 hominem
703 2891 785 2954 deus‘
800 2891 995 2970 instruxerit,
1025 2897 1247 2955 commentatus

112 2996 165 3073 sit,
193 3012 234 3057 ex
262 2994 370 3056 eodem
386 2993 489 3075 -juris
503 2995 595 3058 divini
622 2993 706 3058 fonte
728 3012 857 3059 monens
880 2994 1114 3058 christianorum
1138 3012 1248 3078 regum

113 3097 324 3178 ecclesiaeque
359 3098 522 3161 antistitum
554 3105 719 3180 praecepta
751 3116 909 3178 manasse,
941 3106 972 3161 et
1004 3099 1036 3161 in
1064 3099 1167 3180 operis
1201 3098 1249 3162 sui

112 3200 402 3264 commendationem
426 3201 589 3283 adjiciens,
623 3220 660 3265 se
686 3201 757 3284 jura
788 3221 848 3267 non
877 3201 963 3283 parvi
991 3201 1155 3283 pendenda
1186 3219 1247 3264 nee

112 3323 214 3369 rerum
242 3305 320 3368 male
344 3304 544 3385 judicatarum
567 3307 704 3388 exempla
727 3309 757 3368 in
780 3305 911 3368 medinm
933 3304 1031 3385 ferre,
1060 3305 1172 3386 quippe
1196 3303 1259 3384 qai-

112 3407 213 3473 lontes
236 3408 405 3473 adhibuerit
427 3407 615 3472 Constantini
644 3428 712 3472 curn
734 3411 810 3474 sede
832 3408 998 3491 apostolica
1020 3414 1157 3490 pactum,
1185 3406 1249 3471 im-

111 3513 261 3594 peratoris
283 3512 388 3576 Ilaroli
408 3512 511 3596 magui
531 3519 642 3576 statuta
664 3520 696 3577 et
719 3514 837 3577 decreti
858 3514 1077 3592 literarumque
1100 3512 1249 3575 decreta-

113 3617 184 3679 lium
198 3616 306 3694 libros;
329 3634 434 3681 eorum
450 3623 550 3680 autem
571 3634 633 3680 non
651 3617 710 3680 nisi
728 3636 766 3681 ea
784 3635 819 3682 se
837 3617 988 3681 delibasse
1005 3632 1084 3698 quae
1098 3615 1249 3680 laicorum

113 3726 275 3803 tangerent
297 3719 427 3802 judicia,
457 3739 597 3803 quaeque
625 3723 824 3785 communiter
847 3722 930 3803 justa
958 3719 1121 3800 habeatur,
1150 3719 1248 3801 salva,

107 3808 196 3903 ⁴qood
212 3823 273 3886 suis
289 3833 396 3904 postea
412 3823 489 3888 locis
505 3825 685 3888 monendum
701 3827 749 3906 sit,
767 3826 847 3889 bona
862 3825 1000 3888 locorum
1016 3823 1250 3887 consuetudine.

185 3926 313 3991 ,llorurn
332 3945 407 3991 vero
426 3929 558 3992 omnium
578 3929 651 3992 nibil
670 3930 791 3993 omnino
809 3929 888 4010 juris
906 3928 1045 3991 saxonici
1062 3926 1138 3989 liber
1157 3924 1251 3991 offert

114 4036 237 4111 praeter
262 4032 446 4111 paucissima
474 4032 524 4094 illa
552 4033 647 4096 verba
675 4032 813 4112 quaein
843 4032 946 4112 operis
968 4029 1187 4112 prefationem,
1218 4038 1251 4094 ut

116 4150 206 4214 supra
228 4133 329 4214 docui,
353 4133 467 4198 referta
489 4135 641 4218 leguntur.
726 4200 729 4207 ,
