2722 4898
627 325 777 392 -202
820 361 863 375 -

233 498 283 557 Ad
303 497 429 572 eapitis
448 497 505 555 296
521 500 621 556 verbe:
642 501 719 570 „Edu

176 596 295 670 iepeb'ob
309 612 376 652 mun
395 594 442 651 sol
459 595 627 652 untuiorteo
643 595 718 652 roob

177 691 255 748 siner
274 690 377 764 pedurt
392 685 456 747 —.”

234 784 335 856 Regem
352 800 458 857 quoque
479 778 597 841 statuere
618 784 719 841 debere

177 897 211 936 ex
227 881 290 951 jure
311 894 504 952 personarum,
528 895 582 935 non
602 895 636 934 ex
656 879 718 949 jure

175 974 239 1046 loci,
259 973 286 1030 in
303 990 359 1047 quo,
372 973 559 1030 controversie
577 989 668 1030 eorum
687 989 720 1028 eo

177 1068 342 1143 disceptetur
355 1072 391 1137 ¹).

727 1190 730 1193 ·
817 1161 991 1234 Transposito
1001 1161 1097 1218 ordine
1109 1162 1246 1236 capitibus
1257 1163 1313 1220 296

767 1262 795 1311 et
811 1256 868 1313 297
885 1257 1044 1330 respondet:
1067 1264 1116 1313 ert.
1135 1257 1191 1314 127
1205 1260 1312 1316 verbis:

813 1351 933 1425 „uppte
951 1369 1026 1409 suen
1044 1353 1090 1410 die
1109 1354 1224 1427 clepere
1238 1371 1312 1411 wer-

769 1447 827 1519 pett
837 1449 908 1504 oder
918 1435 985 1504 bute
996 1448 1098 1521 peretot
1110 1466 1165 1506 oor
1174 1450 1312 1524 periobte.

768 1541 860 1613 upplte
880 1543 935 1598 deo
954 1543 1005 1600 but
1027 1544 1101 1600 oueb
1121 1545 1168 1601 die
1189 1545 1313 1601 riobtere

768 1635 815 1690 stu
834 1637 966 1709 peuedde
985 1636 1020 1693 ob
1040 1638 1092 1694 ber
1110 1639 1163 1694 wit.

813 1731 920 1788 roualt
939 1749 1005 1788 mun
1021 1732 1072 1788 but
1091 1733 1137 1790 sin
1157 1733 1241 1791 reobt
1260 1750 1313 1790 oor

770 1825 848 1882 dem
868 1827 998 1902 buoinpe.
1036 1828 1141 1885 romeu
1163 1846 1231 1885 man
1254 1834 1313 1885 mut

767 1920 821 1976 ocb
840 1924 1004 1979 untuorden
1023 1941 1077 1979 vor
1091 1924 1172 1980 deme
1187 1923 1311 1997 buniope

766 2014 796 2069 in
816 2016 890 2072 alten
909 2019 1007 2073 stodes
1026 2019 1100 2074 nucb
1117 2017 1188 2074 sime
1205 2019 1309 2075 reobte.

769 2112 844 2166 unde
863 2112 940 2167 nicbt
959 2113 1034 2168 nucb
1054 2113 1103 2170 des
1125 2114 1262 2187 cleperes.

818 2206 894 2261 Oucb
918 2214 979 2263 mut
1003 2207 1056 2264 ber
1075 2209 1241 2264 untworden
1266 2226 1312 2264 um

768 2300 822 2357 atto
854 2301 935 2375 otape
965 2303 1004 2358 du
1036 2319 1103 2359 mun
1136 2318 1188 2359 ene
1220 2319 1312 2359 ummo

768 2395 940 2469 sebutdepet.
972 2414 1010 2453 un
1039 2397 1073 2454 ob
1102 2414 1165 2454 men
1195 2414 1248 2454 ene
1277 2414 1312 2453 ru

767 2489 882 2562 bampfe
897 2491 1069 2564 unespricbt.
1091 2493 1141 2550 dee
1161 2493 1248 2549 muob
1262 2493 1313 2549 ber

767 2585 821 2640 wot
838 2585 977 2658 weipereo
997 2602 1034 2642 su
1057 2589 1250 2645 uutwordene.
1276 2604 1313 2642 un

768 2679 825 2752 upb
845 2681 897 2736 der
919 2689 966 2737 nrt
989 2682 1028 2737 du
1051 2681 1103 2738 ber
1123 2698 1161 2738 uz
1186 2681 1312 2756 pedores

767 2774 802 2832 is.
835 2773 950 2845 Spricbt
975 2793 1037 2832 meu
1063 2778 1142 2833 ouob·
1159 2777 1207 2834 sin
1232 2776 1312 2852 eique

766 2885 812 2925 un.
840 2870 877 2925 du
897 2887 934 2926 ne
954 2870 1047 2943 durpb
1066 2871 1118 2928 ber
1137 2871 1218 2929 nieht
1244 2889 1314 2928 nore

767 2965 940 3021 uutwordeu.
959 2982 1018 3022 weu
1033 2965 1063 3021 in
1080 2967 1160 3023 deme
1175 2967 1263 3025 tunde
1276 2968 1314 3024 du

766 3057 794 3112 iz
815 3057 916 3116 binoeo
930 3060 1047 3133 petepeo
1066 3061 1100 3118 is.
1131 3060 1194 3118 Der
1207 3061 1313 3136 bouinp

767 3153 813 3209 sot
831 3153 904 3210 oucb
920 3153 1030 3211 ricbten
1047 3156 1106 3224 [um
1119 3152 1215 3229 οἶμαι]
1236 3156 1314 3213 niobt

768 3264 807 3303 na
827 3249 877 3306 des
903 3267 1019 3307 mannes
1046 3248 1151 3307 recbte.
1178 3268 1245 3308 wan
1264 3252 1313 3308 des

768 3339 936 3414 tundes’'¹).
992 3338 998 3347 '
1038 3385 1042 3397 ,

179 3490 382 3500 --—-—-—--··

256 3575 288 3645 1)
308 3576 441 3631 Incertum
461 3573 575 3630 Codices
595 3556 738 3632 lectionem
759 3577 894 3633 exhibent.
928 3576 1103 3650 'transpositu
1119 3593 1191 3643 vooe
1212 3575 1313 3652 „wan”

179 3688 239 3727 oum
264 3670 450 3741 tossberginno
476 3669 600 3743 exemplo
625 3671 766 3741 tegendum
793 3678 847 3728 est:
879 3666 964 3750 „Der
978 3668 1073 3743 kivnig
1097 3668 1238 3730 sol'oueb
1257 3675 1314 3731 nist

177 3767 265 3822 rihten
285 3782 357 3821 wan
376 3764 446 3820 noch
466 3764 515 3820 deu
536 3781 643 3821 mounes
662 3766 748 3823 rehte.
769 3783 799 3823 er
820 3766 860 3822 soi
880 3766 939 3822 nivt
958 3765 1045 3823 rihten
1065 3766 1134 3824 nobb
1151 3766 1203 3825 deu
1220 3768 1315 3826 lendes

178 3862 264 3917 rehte.
285 3861 312 3917 in
333 3860 393 3916 dem
409 3846 488 3916 innde
505 3877 535 3916 er
552 3861 613 3932 ist''‚
632 3877 685 3917 non
706 3868 734 3916 ut
753 3879 836 3918 nuno:
857 3861 933 3933 „nint
949 3862 1037 3918 rihten
1053 3863 1120 3919 neob
1136 3863 1186 3920 des
1202 3881 1315 3922 mannes

178 3951 290 4012 reobte''
312 3961 339 4010 et
358 3955 436 4026 „nivt
454 3956 541 4011 ribten
561 3973 634 4012 wan
655 3957 723 4011 neob
744 3956 794 4012 dez
814 3955 906 4013 lendes
925 3957 1031 4013 rehte.''

255 4050 287 4118 3)
312 4050 341 4105 ln
368 4050 435 4120 juris
460 4049 620 4108 Germaniae
651 4051 797 4108 eommunis
827 4051 898 4108 libro
928 4051 1074 4124 praeteriri
1104 4051 1233 4125 quaestio
1262 4069 1316 4111 non

178 4149 303 4218 poteret,
328 4145 548 4216 quemadmodum
567 4145 741 4220 probationes
762 4146 986 4220 defensionesque
1006 4146 1193 4221 suseipiendue
1215 4155 1317 4219 mont,

180 4240 225 4294 ubi
246 4239 341 4312 uliquis
362 4247 438 4296 extre
459 4240 589 4298 domicilii
609 4241 649 4297 sui
667 4229 881 4312 jurisdictionem
901 4243 946 4299 vet
965 4258 1050 4313 egere
1067 4243 1166 4314 veltet,
1183 4245 1233 4301 vel
1247 4260 1318 4300 reus

179 4335 271 4407 tieret,
295 4350 376 4407 quum
402 4353 435 4393 ee
461 4337 494 4393 de
520 4354 551 4394 re
576 4354 654 4411 quum
678 4337 790 4395 maxime
816 4338 938 4395 locorum
964 4338 1168 4397 eonsuetudines
1191 4337 1317 4397 intense
