2722 4898
537 364 773 429 -151—

128 518 245 593 ¹Avibus
265 535 414 593 custodiam
432 535 518 592 evasis
536 536 558 592 si
574 538 629 595 ite-

84 647 144 686 rum
164 631 283 704 potiatur
305 631 435 703 dominus,
456 632 520 688 nihil
541 633 630 689 inter-

86 743 145 782 esse
171 732 257 782 utrum
280 727 354 797 juste
385 726 491 784 interim
518 729 551 783 alr
578 728 631 783 alio

88 828 166 894 capta
185 821 292 877 inerint

145 915 250 990 Caput
280 901 346 972 243.
395 914 497 972 Cervos
528 915 630 971 aliasve

91 1010 158 1067 lorus
180 1011 282 1067 bestias
308 1026 376 1082 quae
403 1009 463 1082 quis
490 1010 526 1066 itu
553 1028 630 1066 nran-

32 1110 40 1121 “
93 1111 176 1161 suetas
195 1106 309 1176 habeat,
332 1109 361 1159 ut
380 1103 407 1159 in
429 1105 522 1160 silvanr
542 1105 583 1160 ire
605 1111 631 1160 et

94 1201 178 1258 redire
197 1201 313 1271 soleant,
334 1216 451 1272 eousque
468 1200 526 1270 ejus
546 1199 630 1255 intel-

95 1294 140 1365 ligi
154 1313 218 1368 esse,
239 1295 326 1352 donec
342 1295 456 1350 aninum
475 1294 631 1351 revertendi

98 1388 208 1448 habeant.
229 1391 296 1447 Nam
312 1393 334 1449 si
347 1390 503 1448 revertendi
518 1389 631 1445 animnnr

98 1482 188 1541 habere
218 1485 348 1542 desierint
378 1493 440 1559 post
470 1491 533 1541 octo
563 1484 631 1553 dies,

101 1593 147 1649 quo
158 1596 282 1637 reversae
295 1597 349 1638 non
363 1580 471 1650 luerint,
491 1595 630 1652 occupan-
710 1638 713 1645 ,

103 1671 157 1728 tiun
174 1692 216 1730 eas
236 1675 296 1732 fleri
308 1680 344 1746 ¹).

152 1768 252 1842 Caput
278 1770 344 1826 244.
391 1769 420 1825 Si
451 1769 522 1824 canis
549 1786 626 1824 rnor-
731 1768 876 1826 nrr.101.
916 1769 1020 1851 „Socer
1044 1772 1106 1846 lectt
1131 1791 1221 1847 epaon

105 1859 156 1932 dur,
173 1881 249 1936 quum
269 1856 450 1921 custodiretur
471 1865 504 1919 ab
527 1864 628 1936 aliquo,
679 1863 847 1936 ptumenderi
863 1864 939 1922 tunt.
962 1867 1033 1922 oder
1049 1884 1137 1940 eyneis
1157 1869 1219 1939 [ta-

105 1948 246 2031 antiopus,
271 1965 317 2014 out
337 1952 450 2029 cervus,
476 1965 521 2014 ant
541 1966 628 2029 ursus,
679 1959 845 2029 meschonis.
867 1960 938 2015 oder
953 1959 1018 2017 lrirt.
1042 1962 1112 2018 oder
1125 1962 1218 2019 deren.

10 2072 13 2107 r
107 2046 209 2108 damnum
229 2053 310 2111 alicui
327 2048 451 2109 dederint
471 2070 558 2110 noxae
574 2053 627 2109 de·
681 2055 763 2131 [oder
783 2051 895 2127 optent
924 2072 999 2110 suun
1023 2055 1069 2127 die
1094 2048 1221 2115 sotadeo

10 2166 22 2189 :·
107 2140 161 2200 ditio
178 2148 305 2219 cessabit,
332 2154 359 2203 et
380 2148 452 2208 actio
473 2148 580 2204 dabitur
601 2147 627 2202 iu
680 2149 739 2205 tud.
760 2149 815 2207 dun
835 2148 882 2205 sol
899 2165 931 2205 er
949 2149 1051 2222 petden
1067 2145 1170 2219 -'’⁸).

108 2252 155 2293 eun
168 2241 208 2312 qui
224 2259 318 2300 canem
333 2243 453 2299 feranive
469 2243 577 2299 tenebat
588 2246 626 2309 ¹).
730 2293 732 2298 .

113 2383 296 2399 Ἢ-.-

169 2473 195 2541 1)
215 2475 315 2532 Oculos
335 2476 449 2532 incurrit
468 2475 622 2548 expressius
643 2475 749 2532 definiri
768 2476 812 2532 lric
832 2477 965 2548 regulam,
990 2494 1069 2550 quam
1085 2464 1148 2550 jue
1167 2494 1219 2535 ru-

110 2578 169 2623 nnno
186 2572 388 2644 comprobatam
408 2571 487 2626 luisse
507 2571 593 2627 relert
613 2573 641 2637 §.
658 2569 693 2626 15
713 2571 737 2625 J.
756 2571 789 2626 de
806 2587 860 2627 rer.
875 2571 940 2641 diu,
960 2572 1006 2627 uiti
1025 2573 1100 2629 nullo
1120 2580 1219 2630 statuto

109 2660 213 2734 temporis
240 2665 328 2738 spatio
348 2665 461 2722 dicitur:
487 2664 669 2735 „devertendi
696 2671 784 2727 auteur
798 2665 923 2722 aninrunr
945 2666 1070 2723 videntur
1096 2669 1219 2726 desinere

109 2749 187 2816 tutuo
206 2768 302 2830 tunc,
322 2777 382 2816 cuni
402 2760 557 2817 revertendi
578 2760 797 2817 consuetudinem
818 2757 1015 2818 deseruerint.''

164 2855 194 2924 2)
214 2854 270 2911 Vix
282 2855 456 2912 dubitandum
469 2861 519 2926 est,
540 2855 603 2927 quin
623 2855 778 2928 resperserit
795 2854 895 2927 capitis
914 2855 993 2927 hujus
1014 2856 1133 2929 scriptor
1149 2853 1219 2927 juris

103 2951 188 3006 renui
207 2950 366 3008 sententiam
388 2951 501 3007 relatam
521 2951 547 3006 in
567 2951 585 3005 t.
603 2950 628 3020 l,
649 2953 709 3017 §.5
730 2957 757 3006 et
779 2949 816 3006 10
836 2950 859 3005 si
879 2950 1032 3022 quadrupes
1053 2967 1150 3023 paup„
1175 2950 1220 3006 cui

96 3034 173 3100 alteris
190 3046 269 3102 loco:
296 3046 346 3116 „ln
365 3045 458 3102 bestiis
478 3052 566 3101 nutem
587 3052 701 3119 propter
721 3046 871 3101 naturalem
897 3046 1033 3101 feritatem
1058 3045 1127 3101 haec
1147 3044 1220 3100 actio

91 3121 175 3196 locun
189 3157 242 3198 non
259 3142 355 3211 habet3
377 3147 405 3196 ot
425 3140 487 3197 ideo
507 3141 535 3196 si
555 3157 653 3196 ursus
673 3140 765 3211 fugit
785 3140 888 3196 et-sio
908 3141 1043 3210 nocuit,
1061 3155 1114 3195 non
1131 3143 1220 3212 potest

15 3228 23 3239 ’
84 3233 250 3292 ‘tuendam
270 3236 392 3292 domiuus
412 3236 562 3307 conveniri,
582 3226 642 3307 qnia
662 3235 760 3290 desiuit
775 3234 897 3290 dominus
917 3253 986 3306 esse,
1005 3234 1052 3289 ulii
1071 3233 1129 3289 lara
1149 3249 1219 3290 era-

76 3316 140 3379 ⁸5t”
158 3337 252 3404 aparte
272 3330 435 3387 contradicit
453 3331 588 3403 scriptor,
612 3331 680 3386 hanc
706 3347 754 3385 cur
775 3331 854 3386 aliter
874 3330 971 3385 sentiat
993 3328 1124 3384 rationem
1150 3325 1219 3382 red·

69 3404 165 3480 dens:
191 3442 274 3496 „wan
294 3442 326 3482 en
347 3426 381 3482 ist
400 3425 487 3482 wider
507 3426 575 3481 reht.
601 3424 652 3481 der
671 3424 731 3480 wilt
757 3423 798 3481 lui-
815 3424 926 3479 tivten
953 3439 1011 3478 uani
1031 3421 1078 3476 wil
1099 3421 1219 3476 macheu.

63 3497 139 3572 dna
156 3519 258 3577 nianrer
277 3537 327 3576 nan
346 3521 400 3576 lrnn
420 3521 570 3590 werdon'⁴3-
586 3520 603 3576 i.
618 3537 642 3577 e.
663 3519 774 3576 nauide
791 3521 887 3575 damno
907 3516 1002 3587 injuria
1019 3515 1082 3571 dato
1102 3519 1220 3584 tenatur,

55 3605 136 3667 <lui
153 3613 178 3669 in
197 3615 333 3671 hominum
349 3615 488 3671 vicinitate
509 3613 607 3673 bestias
624 3614 735 3670 domare
756 3620 878 3681 conatur,
899 3614 1096 3683 quodpropter
1116 3613 1220 3664 nutu-

49 3693 84 3738 ¹⁴
98 3706 191 3765 ulem
211 3725 324 3766 aarum
345 3710 523 3766 feritatem
543 3715 695 3765 mansuetae
716 3709 824 3765 onrnino
844 3706 903 3763 fieri
917 3709 1065 3776 'nequeunt

159 3803 190 3872 3)
203 3803 298 3861 Verba
308 3804 430 3862 bavarioi
440 3803 513 3873 litari,
524 3820 593 3875 quoe
604 3803 725 3859 indicant
733 3804 768 3858 olr
779 3802 872 3859 oculos
883 3798 1010 3871 scriptori
1020 3797 1103 3854 luisse
1111 3797 1220 3870 Ulpiani

46 3885 245 3954 *eumcum
264 3915 346 3973 supra
366 3896 520 3970 allegatam,
541 3914 621 3969 quarn
635 3897 765 3953 retollere
782 3894 891 3964 studuit,
911 3893 1074 3965 epitomator
1089 3892 1220 3947 hocloco

47 3982 191 4064 Omine,
210 3993 273 4065 quid
294 3993 347 4049 sibi
366 3993 453 4050 veiint
472 4009 525 4049 non
545 3991 715 4063 intelligens,
738 3990 786 4047 sed
805 4007 838 4046 ue
859 3989 958 4061 ipsam,
978 4002 1047 4059 quae
1067 3986 1123 4041 illis
1142 3985 1220 4053 inest,

50 4076 243 4145 Quartino
263 4089 390 4150 intactam
410 4087 551 4158 reliquisse
571 4086 725 4156 rideretur,
750 4086 799 4140 suls
825 4083 931 4139 articuli
955 4082 1034 4145 durani
1054 4080 1088 4136 de
1108 4078 1220 4136 vivariis

60 4169 134 4225 *d
149 4182 331 4239 custodiendas
351 4183 425 4239 teras
438 4182 537 4238 bestias
554 4180 709 4236 extruendis
725 4195 761 4235 rx
776 4177 885 4250 ingenio
900 4175 1006 4247 adjicit:
1026 4174 1126 4246 „Swer
1138 4170 1220 4228 wilde

68 4254 158 4334 *hys
170 4275 254 4348 hegen
266 4277 316 4334 wil
336 4277 419 4334 buten
436 4293 488 4333 vnn
504 4282 621 4333 vorsteu.
644 4275 693 4330 der
713 4273 753 4329 sol
773 4289 811 4329 se·
822 4258 921 4327 liinnen
940 4271 1024 4326 sineru
1044 4262 1220 4324 haworcirtan

75 4359 170 4420 the
187 4369 299 4430 lratcn.''
333 4373 419 4440 Quum
439 4387 508 4429 uero
531 4370 703 4442 negligenter
724 4367 833 4423 omnino
857 4366 885 4421 in
907 4363 1053 4423 enitendo
1079 4361 1221 4420 nimina
