2722 4898
622 360 772 427 —wd
814 396 856 411 ..

178 539 316 623 cognatis
345 537 410 619 ejus
434 536 591 618 judicique
615 554 713 616 pecu-

178 644 271 705 niaria
286 660 384 723 poena
401 641 496 702 teneri
511 638 566 714 (cf.
580 637 697 713 aaut)
706 661 713 716 ;

178 748 206 809 in
227 745 406 809 homicidam
428 751 461 805 nt
487 761 579 822 supra
605 742 715 805 dictum
816 763 820 767 ·
891 760 900 775 ‘
996 754 1004 763 ·

178 846 530 912 estanimadvertendum
543 863 623 910 esse.
637 845 716 919 Quot

177 954 278 1036 plagas
298 951 498 1034 castigantem
521 950 642 1030 impune
665 948 715 1011 in-

178 1055 285 1139 digere
307 1055 407 1116 liceat.

236 1157 359 1229 Caput
389 1154 442 1210 186
474 1155 506 1210 ed
537 1155 633 1228 capitis
662 1155 717 1211 178

178 1253 275 1309 verba:
296 1251 377 1320 „Der
391 1257 473 1305 votor
487 1251 646 1306 aotwoirtet
658 1249 718 1320 foir
751 1239 755 1243 ’

179 1348 233 1403 den
251 1362 304 1402 son
322 1345 390 1400 neit.
413 1345 466 1400 den
483 1361 515 1400 aa·
529 1361 564 1399 aa
579 1345 718 1417 qestciret

179 1435 258 1496 dot’':

235 1533 304 1590 Filio
319 1533 415 1604 viginti
431 1533 547 1606 quinque
563 1535 637 1590 annis
657 1551 717 1589 ma-

177 1629 232 1701 jori
252 1645 303 1700 pro
324 1628 478 1684 facultatum
504 1630 584 1685 modo
605 1645 619 1684 a
640 1635 717 1700 patre
800 1688 807 1695 ,

179 1724 309 1779 bonorum
339 1739 446 1779 suorum
479 1730 584 1796 partem
615 1739 719 1779 conce-

135 1887 136 1890 ,
180 1817 291 1874 dandam
312 1835 379 1887 ιιιι,
400 1818 485 1874 itaut
506 1818 633 1888 majorem
651 1818 718 1872 sub-

179 1913 292 1969 stantiae
302 1919 407 1985 partem
421 1913 479 1985 ipse
491 1918 568 1984 pater
583 1912 634 1987 sibi
648 1912 718 1966 reti-

113 2078 117 2085 »
179 2015 253 2076 neat3
274 2022 361 2079 eoque
377 2008 484 2062 nomine
500 2007 556 2063 iiiio
572 2007 599 2062 in
615 2013 719 2079 patrem

181 2102 313 2157 actionem
334 2102 400 2158 dari.

237 2196 322 2253 Unico
338 2197 394 2252 ulio
407 2196 467 2269 plus
481 2196 571 2268 quinta
589 2195 719 2251 bonorum

180 2298 256 2364 parte
277 2292 427 2348 concedere
448 2298 552 2364 patrem
571 2307 625 2346 non
646 2289 719 2360 cogi,

180 2387 202 2442 si
217 2387 308 2459 piures
324 2392 402 2458 pater
422 2386 492 2442 filios
511 2385 610 2441 habeat
629 2386 720 2441 bono-

181 2498 238 2536 rum
272 2482 428 2537 divisionem
464 2481 500 2536 ita
532 2478 720 2535 instituendam

181 2592 241 2632 esse
267 2582 295 2631 ut
321 2574 402 2632 liberi
429 2575 548 2645 bessam,
579 2574 721 2648 accipiant

181 2671 305 2728 trientem
325 2675 403 2744 pater
424 2671 587 2737 retineat1).

259 2851 290 2920 1)
321 2852 380 2907 Art.
402 2853 452 2908 65:
484 2852 557 2922 „Die
582 2857 658 2906 vater
688 2849 765 2905 mach
790 2849 846 2906 wol
871 2849 923 2906 deu
953 2867 1001 2906 suu
1031 2847 1167 2909 euaderent
1194 2879 1232 2893 ··-
1258 2851 1318 2913 mit

182 2946 381 3003 iewclkeme
403 2945 497 3016 gude.
526 2945 587 3000 daz
608 2945 662 3001 die
689 2962 768 3001 sune
790 2961 950 3010 cunamen
969 2928 1035 3001 wit.
1063 2945 1114 3003 suri
1134 2945 1235 3015 dicare
1254 2947 1317 3004 her

181 3039 221 3098 si.
223 3039 333 3114 Lips.
356 3037 476 3096 Codex
468 3040 554 3095 minus
575 3046 662 3096 recte:
684 3041 758 3110 „wie
779 3040 895 3100 alcino
888 3056 918 3096 ιι
938 3036 993 3111 si'3
1019 3056 1072 3096 uou
1093 3040 1164 3097 euim
1183 3040 1318 3099 manenda

182 3143 222 3192 est
247 3135 377 3191 sententia
404 3134 438 3189 ad
464 3135 553 3190 dotem
572 3135 618 3190 vel
641 3136 771 3205 maj0rem
791 3134 835 3191 vel
856 3134 1000 3207 minorem,
1024 3134 1058 3190 da
1079 3151 1131 3206 qua
1152 3124 1319 3211 superfluum

182 3231 271 3286 fuisset
285 3229 378 3285 dicere
393 3236 457 3301 post
470 3231 567 3285 verba:
589 3246 637 3300 „m
647 3229 673 3284 it
688 3208 890 3286 iewelkeme
907 3218 1003 3315 gude.
1025 3228 1075 3284 dan
1089 3228 1134 3284 die
1148 3246 1215 3285 sune
1229 3246 1317 3287 anue-

182 3344 241 3384 men
255 3322 336 3381 wil”
329 3325 406 3397 sed
420 3324 454 3379 ad
467 3325 513 3379 filii
529 3341 678 3397 personam.
710 3325 795 3391 Quum
812 3319 881 3380 edim
897 3324 1017 3380 bavarici
1032 3324 1085 3379 ioci
1101 3330 1197 3380 auctor
1214 3326 1318 3380 tantum

182 3421 283 3492 egisset
297 3420 331 3476 de
346 3397 406 3475 iiliis
420 3419 517 3490 viginti
531 3419 644 3492 quinque
665 3419 739 3475 cunis
755 3416 899 3490 majoribus
919 3420 1058 3476 saxonicus
1079 3419 1199 3510 scriptor
1218 3432 1317 3476 emea-

181 3516 261 3572 dandi
288 3532 367 3571 causa
392 3515 496 3570 notavit
521 3514 634 3570 concedi
659 3531 737 3586 posse
763 3514 894 3570 bonorum
920 3521 1025 3587 partem
1050 3514 1122 3584 urio,
1143 3520 1246 3586 uuam
1271 3513 1317 3568 sit

183 3610 353 3683 parvulus.
398 3609 530 3665 Lectionis
560 3604 647 3664 autem
679 3610 745 3664 haec
775 3608 917 3664 diuersitas
946 3609 1076 3680 ejusmodi
1107 3615 1163 3679 eat,
1193 3614 1224 3663 ut
1249 3623 1317 3664 rara

182 3705 294 3776 scriptio
314 3704 455 3776 dijudicari
474 3711 605 3776 nequeat
631 3704 680 3759 uisi
701 3703 735 3759 ad
755 3705 909 3772 bavaricam
932 3704 1046 3775 librum
1071 3703 1142 3760 uude
1160 3709 1237 3759 totas
1255 3718 1317 3759 ιιιιι-

184 3801 257 3856 navit
277 3800 361 3869 Ιοιιιι,
381 3815 517 3856 recurras.

262 3894 304 3950 Ad
329 3893 516 3966 praecedentis
546 3894 652 3950 articuli
677 3895 776 3949 verba:
806 3894 881 3964 „Die
906 3900 998 3949 vater
1008 3895 1086 3965 mach
1112 3893 1166 3949 den
1190 3909 1259 3949 acue
1284 3908 1320 3947 ιιι

184 4006 315 4047 neme—
319 3989 345 4059 ⁹³,
373 3989 522 4061 pertinent,
552 4005 620 4059 quae
650 3994 806 4059 sequuntur:
837 3988 911 4058 „Die
936 3989 1017 4045 lrerre
1042 3993 1112 4044 mut
1124 3989 1176 4044 och
1199 3988 1260 4045 wo!
1286 4004 1321 4042 aa

185 4101 278 4141 nemen
298 4083 373 4139 sinen
393 4100 512 4155 eygenen
533 4101 600 4139 man.
627 4101 701 4139 swen
726 4084 774 4139 lrer
795 4083 937 4138 virteilit'
930 4100 962 4139 rs.
989 4084 1025 4139 ob
1044 4083 1095 4138 her
1115 4082 1165 4138 dau
1185 4098 1322 4153 gewereu

186 4181 253 4235 darn
277 4180 365 4251 upheu
390 4178 515 4249 heiligen.
543 4178 593 4234 daz
613 4179 661 4234 her
681 4178 720 4233 siu
747 4178 842 4234 inhorn
869 4177 948 4248 eigen
969 4177 1000 4234 si.
1027 4176 1097 4233 unde
1123 4176 1173 4233 dau
1197 4177 1251 4233 her
1272 4177 1322 4232 der

185 4274 243 4335 tud
251 4271 485 4352 unachuldich
444 4271 495 4330 ιι.’
562 4281 564 4284 “

263 4368 307 4428 Ad
326 4342 416 4426 iocum
436 4368 470 4426 de
489 4369 607 4429 tiliorum
625 4368 798 4443 separatione
818 4387 834 4427 a
850 4385 881 4426 ra
897 4373 1008 4443 paterna
1027 4325 1155 4427 familiari
1174 4366 1324 4426 monicus
