2722 4898
507 192 587 245 4

552 298 788 398 -ἐειο-

698 504 797 560 redte.
818 518 881 558 wan
894 501 1001 557 lenem
1016 497 1152 555 denuda

699 598 749 656 der
768 592 840 655 sol.'’

166 700 273 775 caput
293 697 358 754 306.
395 694 439 752 Ad
459 692 648 769 praecedentis

108 797 204 870 capitis
224 796 328 851 locum:
348 809 403 861 „so
424 790 479 846 soll
497 789 583 846 erim
602 788 647 844 sin

108 882 160 967 psit
178 891 274 966 peden.
297 889 367 944 oder
386 879 559 940 wedden'’:

166 983 281 1056 Argenti
306 982 398 1037 aurive
418 978 523 1051 pondus
544 981 647 1032 eertum
747 974 806 1044 „So
819 981 922 1045 peterse
931 972 1094 1046 pltenniape
1111 987 1152 1026 cn

108 1080 154 1153 qui
179 1079 302 1134 daturum
328 1092 356 1130 se
382 1070 572 1145 spoponderit,
598 1087 647 1124 ar·
699 1077 807 1141 petae
832 1066 946 1123 silter
972 1065 1047 1122 else
1074 1066 1139 1121 des·

109 1179 218 1246 gentum
244 1171 289 1226 det
317 1184 427 1240 purum,
458 1181 550 1221 eurum
577 1162 647 1235 quod
700 1162 797 1219 ledit.
826 1163 880 1217 dun
906 1160 952 1217 sol
974 1159 1025 1216 lter
1044 1159 1149 1233 pelden

108 1267 204 1323 haberi
229 1268 318 1337 potest
341 1261 524 1333 purissimum
551 1257 648 1312 nunni
700 1257 744 1313 nis
761 1255 831 1312 ader
846 1257 884 1311 du
899 1255 976 1311 nieht
994 1252 1152 1310 deredeldos

110 1361 144 1415 de
165 1358 260 1430 quibus
280 1361 386 1411 cautum
406 1361 447 1409 est
464 1353 560 1409 dentur
579 1368 648 1422 qua·
702 1369 734 1408 so
760 1351 807 1408 sol
834 1366 896 1406 men
926 1347 1013 1405 silder
1036 1346 1141 1421 petum

109 1454 149 1509 les
174 1453 202 1507 iu
227 1467 274 1506 usu
300 1456 359 1505 sunt
385 1448 430 1503 ubi
456 1444 584 1501 solvenda
610 1450 649 1499 est
697 1445 866 1519 pdenninpe.
899 1443 945 1500 die
969 1443 1054 1517 pinpe
1083 1440 1146 1496 aad

109 1545 223 1618 pecunia
244 1542 349 1612 dehita,
371 1559 405 1596 ex
421 1555 578 1611 quoeunque
596 1538 649 1593 elio
701 1534 764 1594 sin’'
776 1538 813 1606 ¹).

110 1655 200 1694 rerum
215 1636 364 1693 debitarum
378 1651 490 1707 genere,
508 1633 558 1689 nisi
574 1649 650 1688 secus

111 1737 216 1787 cautum
236 1731 331 1800 luerit,
346 1746 390 1785 res
409 1727 550 1784 solutionis
571 1726 650 1782 eausa

112 1827 217 1897 dentur,
238 1841 306 1897 quae
325 1823 448 1897 proxime
465 1822 579 1895 optimas
599 1839 649 1876 ac-

112 1919 216 1976 cedant.

195 2046 327 2127 Antiqua
349 2047 447 2127 patria
470 2045 660 2109 consuetudo
686 2048 793 2124 (quarn
814 2043 911 2106 refert
932 2041 1069 2105 bavarici
1090 2041 1152 2105 libr

110 2158 164 2232 put
178 2148 268 2230 305),
291 2167 353 2213 non
372 2148 537 2213 dimittendi
553 2150 663 2213 victum
685 2149 860 2228 priusquam
881 2164 983 2208 coram
1000 2144 1105 2226 judice
1125 2162 1152 2206 cr

113 2253 220 2317 victori
242 2270 276 2315 se
300 2252 525 2315 satisfacturum
546 2269 634 2329 esse,
664 2250 878 2313 dubitationem
903 2249 1011 2325 movit,
1041 2265 1081 2307 an
1104 2264 1152 2328 cap

112 2357 343 2438 recuperandae
364 2355 510 2417 libertatis
530 2371 623 2416 causa
645 2354 847 2435 promittendo
863 2352 992 2434 obligari
1006 2351 1112 2430 possit.
1147 2361 1152 2403 t

113 2457 151 2520 ad
178 2477 242 2522 rem
270 2459 399 2540 pertinet
427 2457 549 2539 longior
577 2457 627 2518 illa
656 2456 825 2538 digressio,
854 2457 884 2517 in
905 2472 971 2534 ¹qua
1000 2470 1135 2533 sequens

113 2568 263 2624 versatur.
1107 2576 1113 2586 ·

170 2696 275 2769 Caput
289 2697 353 2754 307.
381 2694 535 2764 Garutiones,
549 2696 651 2751 etiamsi
750 2694 905 2764 „Jewettses
916 2711 1100 2767 pecanpenen
1108 2695 1152 2770 pel

112 2791 160 2848 suh
169 2790 344 2863 jurisJ‘uraudi
353 2790 488 2860 religione
499 2790 652 2860 praestitas,
703 2807 738 2845 ne
758 2790 804 2844 sol
817 2788 908 2845 deret
926 2788 988 2844 reltt
1007 2788 1085 2843 nteit
1100 2796 1152 2846 stet

112 2885 218 2941 mulne
242 2885 366 2956 obligare
390 2884 540 2956 captivum,
563 2883 650 2939 liber·
704 2886 758 2940 dar
775 2883 826 2940 lter
843 2883 943 2945 dinnao
959 2883 1109 2938 cenlnlsse
1125 2884 1152 2940 lo

111 2984 167 3035 tate
193 2995 239 3033 sue
265 2993 318 3033 non
340 2979 403 3048 jure
429 2978 577 3048 privatum,
604 2978 651 3033 sed
703 2978 783 3034 desit
807 2995 870 3033 men
898 2979 954 3044 [en]
984 2975 1053 3032 oller
1073 2977 1152 3033 ledia

111 3077 272 3143 recuperata
297 3071 423 3127 libertate
443 3070 476 3126 ab
497 3072 552 3141 ejus
573 3070 650 3127 arhi-
699 3070 794 3142 opple
820 3072 881 3126 sine
906 3078 993 3126 lrcwe
1013 3072 1083 3125 oder
1104 3071 1152 3127 rid

111 3165 164 3219 trio
178 3164 298 3235 pendere
316 3171 403 3221 utrum
420 3171 491 3219 stare
512 3163 651 3237 promissis
703 3174 776 3237 tupe.
804 3165 855 3220 lter
875 3165 921 3219 sol
939 3165 1029 3220 duret
1050 3165 1152 3221 reelttt

111 3257 241 3313 velitnec
255 3275 296 3314 ne.
327 3259 367 3314 Ex
379 3260 450 3331 justa
467 3265 554 3313 autem
571 3273 650 3313 causa
702 3276 800 3315 comen
818 3275 856 3314 zu
875 3267 949 3331 lupe.
977 3260 1051 3314 unde
1070 3258 1134 3315 sine

112 3357 228 3423 captum,
248 3353 293 3423 qui
313 3369 383 3409 nexu
400 3353 530 3408 liberatus
545 3353 601 3407 sisti
620 3369 649 3408 se
701 3353 798 3409 testeo.
821 3353 1028 3410 deuteroses
1042 3353 1107 3408 wlrt
1122 3352 1152 3410 dr

111 3460 203 3501 rursus
229 3446 300 3502 velle
326 3447 446 3516 caverit,
475 3461 529 3502 nou
553 3445 649 3502 lettere
700 3447 758 3519 pell
786 3447 885 3502 ledielu.
921 3448 1004 3503 swelle
1032 3449 1152 3503 oreed¹

111 3537 199 3594 datam
224 3539 303 3597 fldem
328 3547 473 3613 oportere,
500 3545 527 3596 et
552 3556 648 3611 quam-
701 3540 769 3597 totu
799 3541 869 3596 oder
896 3550 1004 3599 suerat.
1038 3543 1085 3599 die
1114 3558 1152 3599 se

112 3632 315 3707 cunquealiam
334 3650 393 3689 rem
407 3633 534 3689 libertate
555 3650 649 3690 careus
701 3634 792 3693 duret
809 3634 888 3690 reedt
904 3634 1000 3693 testeo.
1022 3635 1097 3691 unde
1117 3652 1152 3693 an

188 3835 220 3902 l)
241 3836 299 3893 Non
319 3837 533 3893 animadvertens
548 3836 582 3894 de
601 3839 730 3895 solvenda
750 3839 809 3895 auri
829 3840 972 3910 argentive
991 3855 1076 3894 massa
1091 3839 1152 3912 loqu

14 3944 23 3959 ⁴
111 3929 231 3985 varicum
250 3931 339 3986 locum
358 3931 427 3987 male
447 3932 569 3987 correxit
588 3933 732 3988 suouieus
751 3935 883 4007 scriptor:
905 3934 973 3989 tales
992 3933 1100 4004 argenti
1121 3948 1152 3989 nu

110 4022 254 4080 solvendos
273 4041 347 4095 esse,
367 4025 457 4096 quales
477 4025 617 4096 stipulatus
638 4027 672 4082 sit
692 4028 827 4098 creditor,
852 4028 954 4099 relique
975 4027 1070 4099 quibus
1090 4026 1152 4083 abst

110 4119 250 4189 proposita
270 4119 391 4189 quaestio
412 4118 446 4173 de
466 4120 547 4174 rebus
568 4119 594 4174 in
614 4120 728 4176 solutum
748 4121 841 4176 dandis
862 4121 966 4177 reterre
987 4102 1152 4193 aspernatus.

186 4211 220 4279 2)
246 4210 349 4268 Omittit
373 4213 418 4268 hic
442 4214 586 4270 saronicus
611 4215 729 4287 scriptor
750 4217 833 4273 verba
858 4215 981 4272 hererici
1003 4215 1081 4286 libri,
1108 4232 1152 4288 qut

110 4319 214 4364 semum
234 4305 326 4367 deesse
346 4315 491 4381 nequeunt:
513 4311 568 4380 „oh
589 4326 619 4367 er
639 4326 671 4367 se
691 4311 804 4368 unrehte
824 4326 966 4387 perenger
986 4305 1048 4369 ist.''
