2722 4898
541 383 583 398 -
627 347 776 415 227-

181 523 357 605 Priusquam
376 543 451 588 vero
475 525 513 587 ad
538 525 637 591 fontes
660 543 734 615 spos
756 525 813 589 ista
836 527 1043 606 supplementa
1066 545 1225 591 revocen-

88 635 158 706 tur,
183 628 288 708 paucis
311 627 360 689 bic
383 629 601 691 ostendendum
624 636 686 707 est,
711 628 961 708 quemadmodum
984 630 1103 710 reliqua
1126 631 1227 693 bava-

86 732 147 794 rici
169 731 236 794 libri
258 732 357 812 capita
380 731 469 794 tertio
492 730 635 814 Ansegisi
656 732 748 810 libro,
777 748 833 794 seu
855 733 969 812 mavia,
1003 726 1104 797 Caroli
1126 735 1227 817 magni

89 833 366 913 constitutionibus,
389 835 467 915 apud
491 833 663 897 theodonis
686 835 786 896 villam
809 835 909 914 editis,
933 836 1127 900 conveniant.

177 938 225 1000 Ad
248 938 434 1020 Ansegisi
463 945 575 1019 caput
605 938 648 1001 de
675 937 874 1018 perjuriis·
891 947 1014 1019 praeter
1037 939 1106 1002 loca
1129 955 1225 1022 aupe-

87 1044 154 1105 rius
173 1061 235 1123 Jam
257 1042 353 1103 relata
376 1042 542 1122 pertinent:

179 1143 397 1226 Capatdt‘t·
432 1145 536 1207 lrritas
560 1162 630 1208 esse
654 1144 851 1208 alienationes
875 1146 906 1207 in
930 1145 1116 1210 creditorum
1138 1146 1225 1213 irau-

90 1251 162 1312 dem
186 1252 240 1322 (ze
264 1247 400 1322 iluhtsal)
424 1246 529 1312 iactas.
576 1248 608 1308 ln
632 1249 682 1329 jus
705 1254 846 1310 vocatum
870 1248 908 1311 ob
932 1250 1145 1313 alienationem
1169 1269 1225 1314 re-

88 1373 157 1415 rum
172 1358 204 1414 ut
220 1350 399 1415 fraudentur
414 1350 583 1414 creditores
599 1348 708 1412 iactam
725 1351 942 1415 absolvendum
959 1370 1041 1432 esse,
1065 1354 1096 1424 si
1111 1355 1223 1435 jura-

87 1457 208 1535 verit,
229 1455 339 1518 nullius
358 1472 391 1517 se
411 1454 526 1517 fraudis
543 1455 699 1517 conscium
719 1453 824 1535 luisse,
847 1474 939 1535 quum
954 1474 1006 1519 res
1022 1457 1088 1520 illas
1103 1458 1225 1521 traditas

87 1561 261 1640 acciperet;
296 1559 395 1620 teneri
428 1565 527 1620 antem
561 1575 625 1619 rem
661 1558 821 1621 alienatam
856 1560 1019 1638 creditori,
1055 1560 1105 1639 qui
1135 1561 1224 1624 trium

87 1665 209 1727 testium
228 1662 451 1742 dictisprobet,
474 1680 541 1723 eam
559 1661 589 1722 in
608 1679 692 1724 suam
712 1660 848 1724 fraudem
867 1662 1026 1733 alienatam
1046 1679 1126 1727 esse.
1156 1663 1224 1726 De-

85 1768 187 1848 nique*
199 1766 225 1830 si
242 1765 368 1851 residua
388 1765 466 1846 apud
485 1771 630 1828 emtorem
648 1766 738 1846 pretii
755 1782 827 1844 pars
847 1766 896 1844 sit,
920 1767 958 1828 ad
976 1765 1224 1844 consequendam

85 1891 154 1933 eam
179 1872 209 1933 in
231 1870 397 1933 venditoris
419 1869 601 1932 creditorem
625 1870 774 1931 actionem
797 1867 1042 1932 transferendam
1065 1885 1146 1933 esse.

168 1974 294 2055 ,Caput
322 1970 513 2036 315-317.
556 1972 601 2034 lle
632 1972 860 2054 probationibus
889 1973 919 2034 in
949 1970 1020 2035 furti
1050 1989 1143 2035 cansa
1172 1973 1223 2036 vel

85 2080 125 2141 ab
149 2084 263 2157 actore,
286 2076 335 2140 vel
358 2075 395 2138 ab
418 2094 457 2138 eo
484 2074 563 2156 apud
585 2093 675 2156 quem
698 2077 820 2141 inventa
844 2083 890 2139 est
912 2093 963 2138 res
986 2074 1097 2138 furtiva
1119 2076 1223 2140 susci-

84 2181 262 2265 piendis1).

173 2281 281 2356 Caput
305 2280 369 2338 318.
410 2283 479 2338 Nota
506 2281 539 2337 ad
565 2283 752 2354 subsequentis
779 2281 875 2355 capitis
901 2282 998 2338 verba:
1030 2282 1120 2354 „vnde
1141 2280 1223 2338 wirt

84 2381 141 2437 ein
163 2379 237 2434 lrint
257 2373 417 2449 geborn.''

169 2475 276 2528 lartum
292 2471 417 2542 ancillae,
436 2472 479 2526 cni
496 2471 657 2544 praegnanti
672 2471 793 2526 dominus
810 2472 962 2528 libertatem
978 2489 1007 2528 se
1024 2472 1146 2528 datarum
1160 2472 1220 2529 fore

81 2569 296 2640 significaverat,
312 2566 431 2621 liberum
452 2567 541 2638 nasci3
568 2566 616 2622 sed
637 2573 663 2621 et
683 2566 768 2638 ipsam
788 2573 899 2622 matrem
921 2568 944 2623 si
964 2566 1085 2623 dominas
1105 2567 1220 2624 nondum

81 2665 224 2720 celebrata
245 2664 304 2734 ejus
325 2662 527 2717 manumissione
549 2660 648 2716 obierit
669 2660 796 2733 protinus·
810 2661 963 2716 libertatem
983 2660 1108 2716 nancisci.

170 2756 292 2838 Caput
313 2738 505 2821 ata-uani.
548 2755 594 2817 De
609 2756 664 2818 ·his
687 2755 795 2834 quibus
822 2772 971 2818 accusare
995 2762 1024 2833 et
1047 2756 1219 2820 testimonia

80 2860 289 2926 accusationis
314 2876 407 2922 cansa
430 2859 513 2923 ferre
535 2860 625 2922 liceat
648 2859 698 2920 vel
720 2861 836 2934 non2).

168 2964 275 3037 Caput
295 2963 361 3020 322,
395 2963 439 3018 Ad
460 2962 554 3035 capitis
575 2962 632 3018 320
652 2963 777 3018 verbum:
802 2950 1002 3037 „vberhdm”

167 3057 304 3123 adulterii
324 3059 405 3115 instar
425 3057 530 3126 baberi,
551 3057 574 3112 si
592 3057 749 3113 christianus
765 3057 846 3115 homo
863 3064 890 3114 et
906 3059 1020 3131 judaeus
1040 3056 1215 3115 fornicentur.

78 3156 167 3227 liujus
188 3154 304 3209 oriminis
325 3153 463 3209 convictos
485 3152 599 3223 junctim
625 3152 743 3209 cratibus
769 3153 944 3226 imponendos
970 3161 997 3210 et
1023 3154 1131 3226 ignibus
1152 3171 1216 3211 cre-

80 3249 195 3309 mandos
214 3264 283 3306 ease.

96 3368 112 3375 .-
133 3369 139 3372 -
183 3364 290 3373 ...μ’-ο

162 3415 191 3483 1)
217 3411 346 3471 intentius
365 3410 506 3469 rimantem
526 3427 580 3469 non
599 3411 696 3469 latebit
715 3417 791 3485 notas
811 3416 991 3485 praepostere
1011 3411 1124 3469 insertas
1146 3428 1215 3469 con-

77 3508 185 3566 tinere:

160 3601 269 3677 Caput
288 3601 345 3660 315
366 3601 400 3658 de
421 3619 455 3659 eo
478 3602 522 3674 qai
543 3602 658 3676 aliquem
678 3603 705 3658 in
726 3602 831 3661 vincula
852 3601 969 3672 conjecit
988 3601 1022 3656 ad
1043 3601 1138 3675 capitis
1158 3601 1214 3658 316

77 3700 180 3757 verba:
202 3714 279 3770 „awa
299 3714 359 3754 man
379 3698 458 3754 einen
479 3714 537 3754 man
556 3726 587 3736 —
603 3695 817 3770 begriffet”;

160 3793 266 3867 Caput
286 3790 343 3853 316
363 3792 398 3849 de
418 3792 593 3866 deprehensis
619 3793 645 3848 in
671 3800 767 3850 recens
792 3792 935 3850 commisso
954 3789 1066 3849 crimine
1092 3793 1127 3850 ad
1147 3794 1213 3850 sub-

76 3889 216 3961 sequentia
246 3888 342 3963 capitis
368 3890 466 3946 verba:
498 3887 574 3960 „den
605 3904 667 3958 mag
699 3904 757 3944 man
789 3888 917 3944 debetner
947 3888 1129 3959 ba'ntgetat
1159 3905 1213 3960 ge-

76 3982 275 4055 schuldegen.”

158 4077 190 4144 2)
216 4077 405 4151 Excipiuntur:
440 4077 463 4134 1.
491 4077 534 4150 qui
562 4094 596 4133 ex
623 4078 737 4150 ingenua
768 4077 883 4135 foemina
909 4084 935 4134 et
962 4094 1042 4134 servo
1069 4083 1212 4135 nascantur

77 4176 119 4242 (c.
136 4172 232 4243 319),
249 4189 329 4244 quum
354 4173 480 4229 servilem
508 4173 591 4245 patris
619 4174 798 4229 conditionem
822 4178 982 4246 sequentum
1012 4173 1039 4231 2.
1067 4179 1212 4230 extraneae

75 4282 213 4342 personae
234 4267 261 4324 in
281 4266 407 4323 adulterii
425 4284 509 4325 ,causa
530 4267 665 4338 (13211).
704 4268 855 4327 familiaria
879 4275 966 4325 autem
986 4269 1138 4326 testimonia
1159 4265 1211 4326 ad-

75 4363 218 4420 mittuntur
238 4367 292 4420 tam
312 4361 339 4418 in
360 4362 486 4419 adulterii
506 4379 583 4436 quana
604 4363 633 4420 in
651 4364 774 4423 teneicit
794 4362 913 4423 crimine.

945 4471 1005 4529 15*
