2722 4898
513 351 750 418 -l53—

701 528 760 584 Art.
770 525 834 584 103.
851 525 914 583 Vim
924 543 1021 600 passae
1035 527 1109 601 ipsae
1122 534 1195 585 stro-

652 621 709 696 pitn
735 622 808 678 iacto
835 623 905 696 apud
926 623 1046 694 judicem
1072 640 1194 696 conque-

553 745 556 749 *
655 724 756 774 rantur.
788 717 890 786 Quibus
907 718 966 774 aliis
986 719 1013 775 in
1034 719 1121 776 causis
1137 735 1196 775 cum

654 812 767 886 strepitu
783 812 869 883 judex
890 812 1025 870 adeundus
1046 814 1088 871 sit.

122 947 179 1017 „En
202 965 263 1019 mag
285 948 381 1005 debein
402 949 456 1022 wip
478 956 603 1006 vormvnt
707 952 753 1022 „ln
773 968 807 1006 oo
828 953 903 1007 maob
924 952 1019 1008 nioben
1035 951 1109 1024 wipb
1125 967 1195 1007 vor-

68 1041 137 1094 nocb
160 1041 325 1117 livrsprecbe
352 1045 435 1116 gesto.
462 1045 532 1100 nocb
553 1063 602 1102 ane
655 1047 769 1118 sprecbe
796 1047 844 1104 sin.
874 1048 945 1103 nocb
971 1064 1021 1103 ane
1047 1045 1195 1103 vormnnde

70 1143 189 1192 cormunt
209 1139 363 1210 elegen-
386 1140 441 1194 lluz
461 1141 556 1197 verior
576 1141 603 1195 in
655 1142 814 1212 elopem-
836 1142 991 1199 Dantirlos
1012 1158 1046 1197 on
1067 1140 1195 1197 allenvir

72 1229 135 1285 allen
154 1231 196 1287 ein
216 1233 306 1289 edeliv
325 1235 459 1291 Romerin.
481 1235 526 1290 div
542 1235 602 1291 bien
656 1237 746 1308 nege:
768 1255 800 1294 an
821 1238 892 1294 allen
912 1241 960 1307 yn]
983 1235 1194 1296 Galelurnia.

74 1323 244 1384 baefurna.
267 1327 312 1384 div
328 1345 378 1385 vor
395 1328 454 1385 dem
470 1330 552 1386 llicbe
569 1348 601 1386 zu
654 1330 688 1386 de
704 1348 756 1387 vor
772 1332 849 1388 deme
865 1332 942 1388 ricbo
962 1330 1129 1387 misseborde
1145 1345 1195 1386 vor

75 1417 148 1475 Rome
166 1420 222 1478 also
243 1423 408 1481 missebarte.
434 1425 503 1481 vnde
524 1426 551 1481 in
572 1441 602 1481 so
654 1441 745 1483 nonne.
767 1427 803 1483 do
822 1428 847 1482 ir
862 1427 937 1484 wille
958 1443 992 1482 on
1010 1425 1196 1498 uorsprelrene

78 1529 182 1594 promen
197 1533 263 1574 torn
278 1518 348 1574 kam.
370 1519 419 1576 daz
434 1519 456 1575 si
471 1520 523 1599 den
536 1519 601 1576 kir—
653 1520 727 1578 nicht
746 1539 780 1578 ne
800 1528 885 1578 muste
905 1521 1051 1593 nortgan.”

79 1607 119 1678 rig
135 1611 258 1670 beschalt.
283 1613 318 1669 do
338 1615 363 1670 ir
381 1614 455 1671 willo
475 1615 533 1670 nivt
552 1615 602 1672 fivr

81 1701 128 1758 sicb
140 1706 188 1775 gio.
208 1708 261 1765 vnd
276 1709 327 1765 den
340 1709 436 1782 kivnig
451 1709 494 1767 die
506 1711 602 1767 binder

82 1797 197 1858 scbanme
219 1802 256 1859 lie
283 1804 374 1860 seben.
408 1806 449 1861 Do
473 1823 533 1865 nam
553 1807 602 1864 der

82 1889 161 1966 limig
175 1896 217 1953 die
233 1899 388 1970 gewonbeit
410 1901 468 1956 abe.
491 1902 537 1958 nuit
554 1902 602 1958 der

82 1984 173 2045 bursten
192 1998 257 2048 rate.
286 2011 317 2049 ne
339 1995 426 2052 ciuem
445 1998 525 2054 bove.
549 1998 603 2053 und

83 2079 121 2135 mit
137 2084 210 2142 wiser
236 2088 344 2145 meister
370 2089 436 2147 lere.
464 2093 513 2148 daz
539 2092 603 2148 bein

82 2172 170 2236 inorme
187 2183 290 2238 niemcr
304 2169 352 2240 'me
376 2186 542 2260 bvrspreobe
563 2187 603 2243 sol

83 2273 150 2339 gesto.
168 2277 236 2333 unde
250 2278 352 2335 niemer
366 2297 416 2336 vor
431 2282 537 2353 geribte
553 2298 602 2338 ane

82 2364 102 2420 ir
118 2378 229 2429 vormvnt
250 2374 293 2429 sol
314 2374 475 2448 geolagem.''

143 2465 220 2532 Quam
241 2465 353 2540 Cajam
374 2471 562 2527 Ailraniam
584 2471 730 2528 nominavit
750 2469 875 2527 Valerios
894 2469 1022 2525 Maximus
1044 2468 1128 2539 (vul,
1149 2470 1191 2540 3),

82 2555 255 2618 dorlaniam
276 2563 419 2636 Ulpianus,
439 2583 497 2621 eam
517 2566 662 2638 paullulum
684 2566 765 2622 modo
786 2571 885 2621 motata
906 2564 1014 2636 Ulpiani
1033 2563 1119 2619 forma
1138 2566 1192 2620 ba-

81 2651 167 2710 varicus
190 2664 285 2714 auctor
310 2659 511 2716 llaelornam
538 2661 661 2733 scripsit,
685 2660 797 2716 ulterius
822 2676 837 2715 a
863 2660 991 2716 saxonico
1011 2658 1145 2730 scriptore
1165 2658 1192 2712 in

81 2743 293 2809 Calelurniam
313 2761 443 2828 corrupto
464 2756 578 2813 nomine.
610 2755 702 2811 Verbo
724 2762 826 2812 autem:
851 2755 906 2824 „do
926 2755 950 2810 ir
970 2753 1044 2809 wille
1063 2753 1122 2808 nibt
1141 2752 1193 2807 tivr

80 2838 125 2896 siob
146 2844 217 2919 gie''‚
243 2848 262 2905 i.
283 2866 305 2904 e.
333 2867 412 2921 quom
438 2867 531 2906 eorum
556 2850 684 2923 precibus
710 2850 824 2905 delatum
850 2866 903 2905 non
927 2848 1025 2917 luxerit,
1050 2848 1097 2902 vix
1122 2848 1192 2902 bene

79 2935 167 2995 videtur
191 2942 357 2999 intellexisse
384 2945 526 3001 saxonicus
552 2946 686 3019 scriptor,
710 2951 831 3000 vertens:
859 2944 943 3000 minus
963 2942 1142 3012 verecundam
1163 2959 1192 2997 so

78 3030 208 3092 exhibuisse
229 3037 424 3110 Caleiurniam,
449 3040 544 3096 iratam
566 3040 636 3112 quod
664 3040 835 3096 advocato
863 3055 985 3094 carens
1012 3054 1090 3093 causa
1114 3037 1191 3093 ceci·

77 3122 134 3183 derit
147 3137 190 3186 aut
207 3132 331 3205 forsitan,
350 3136 419 3189 sicut
431 3135 577 3191 verborum
598 3136 756 3206 ambiguitas
776 3134 898 3190 similiter
919 3133 1047 3190 admittit:
1064 3132 1093 3188 in
1108 3131 1191 3188 Cale·

74 3216 161 3280 luroiae
180 3243 263 3283 censo
283 3227 415 3284 ademtam
436 3230 540 3285 leminis
565 3230 717 3303 postulandi
743 3228 897 3286 facultatem
922 3234 1021 3287 tantem
1048 3227 1087 3282 illi
1110 3227 1192 3282 bilem

73 3318 182 3392 manusc,
202 3328 231 3379 nt
250 3324 337 3379 mimus
355 3340 394 3379 so,
405 3324 583 3380 verecundam
600 3340 694 3380 coram
712 3323 818 3397 imperii
834 3324 971 3395 judicibus
992 3320 1192 3391 monstraverit,

70 3409 195 3484 indignata
221 3418 256 3474 ob
283 3417 407 3474 advocati
432 3420 581 3475 absentiam
606 3418 732 3492 precibus
762 3419 816 3477 sais
845 3418 1005 3474 audientiam
1031 3416 1191 3485 denegatam

69 3520 130 3564 osso.
170 3509 237 3568 Orto
261 3512 382 3569 bavarici
411 3514 573 3571 scholiastae
603 3513 692 3592 labnlo
717 3520 758 3569 est
782 3531 817 3569 ex
843 3512 926 3585 ipsius
950 3510 1058 3583 Ulpiani
1082 3509 1189 3565 verbis:

66 3603 148 3670 „ratio
162 3606 324 3677 probibendi
341 3613 382 3663 est
399 3625 441 3664 nev
459 3615 579 3666 contra
599 3608 803 3682 pudicitiam
823 3607 919 3664 sexui
940 3610 1189 3676 congruentem

65 3697 185 3756 alienia
200 3701 324 3757 oensis·
339 3720 373 3758 se
393 3703 628 3759 immisceant''
648 3709 675 3759 et
695 3702 817 3775 mouenti
836 3702 912 3758 loco:
934 3701 1039 3772 „Origo
1056 3712 1123 3756 vero
1143 3700 1189 3755 in-

62 3793 181 3851 troducta
195 3802 235 3851 est
246 3813 260 3852 a
272 3795 394 3853 (lanionia
408 3797 605 3870 improbissima
620 3798 727 3868 lemine,
741 3815 809 3870 quae
822 3795 1056 3857 inverecunde
1069 3800 1189 3867 postu-

60 3888 130 3945 lans
152 3918 184 3929 -·
206 3906 313 3947 oausam
334 3892 424 3948 edicto
443 3891 547 3962 oediu',
567 3893 613 3948 ubi
633 3893 705 3948 dicte
726 3892 760 3948 de
779 3907 859 3946 sexus
878 3891 1011 3964 pudicitia
1028 3896 1056 3946 et
1075 3889 1188 3945 inrore-

56 3983 141 4039 cunda
161 3985 276 4042 feminae
297 3987 477 4058 postulatione
497 3987 575 4043 nimis
590 3988 704 4060 proprie
721 3986 842 4042 bovarici
858 3986 913 4041 loci
933 3986 1052 4057 scriptor
1072 3985 1187 4055 accepit.

54 4079 145 4150 ipsius
160 4086 249 4136 notem
263 4081 386 4137 baturici
398 4081 454 4137 loci
469 4081 593 4138 notbiam
611 4089 656 4138 aut
676 4081 754 4137 aliam
774 4080 918 4137 soxomicae
928 4080 1069 4153 epitomes
1088 4078 1187 4134 lectio·

52 4189 113 4229 neae
135 4175 171 4229 ob
188 4175 283 4231 oculos
298 4175 405 4231 ridetur
423 4176 549 4233 babuisse
570 4177 668 4233 latinus
688 4175 809 4233 saxonici
828 4174 932 4246 speculi
952 4173 1094 4247 interpres,
1114 4173 1187 4231 scrid

51 4268 138 4323 bens:
158 4268 251 4339 „Haec
266 4270 355 4327 omnia
370 4270 409 4325 eis
424 4271 543 4344 perdidit
557 4271 729 4344 calphurnia,
744 4287 811 4341 quae
830 4285 930 4327 sexus
947 4270 1188 4327 verecundiam

50 4378 168 4419 coram
188 4380 271 4435 rege
292 4381 332 4420 ex
352 4364 404 4422 iro
425 4364 604 4423 ostendit*
