2722 4898
640 362 854 428 ..34-

188 535 191 539 ⁴
243 548 362 627 Caput
376 544 407 606 8.
428 541 496 604 Non
511 542 590 603 ultra
604 539 720 601 haere-

181 650 282 714 ditatis
304 649 386 711 vires
408 646 508 707 teneri
532 642 719 715 heredes1).

244 752 365 832 Caput
386 749 416 811 9.
458 744 721 810 obaeratum-‹le-
816 790 819 799 .
899 775 902 786 ι

178 856 307 919 bitorem
342 852 440 915 soluto
473 849 663 911 matrimonio
696 848 721 908 si

179 956 361 1037 locupletem
385 955 474 1016 ducat
496 969 635 1029 uxorem,
661 968 722 1012 non

178 1059 319 1141 impediri
349 1057 514 1135 ‘quominus
554 1072 594 1115 en
634 1054 722 1115 illatis

179 1162 238 1226 sibi
263 1158 420 1223 mobilibus
441 1158 529 1220 bonis
558 1155 722 1220 satisfaciat

180 1262 400 1339 creditoribus3
424 1279 464 1322 ex
486 1260 621 1342 legitima
644 1261 722 1320 enirn

180 1367 283 1445 tutela,
302 1383 392 1444 quam
407 1365 439 1424 in
455 1363 722 1425 uxoremmaritus

179 1469 305 1549 habeat,
328 1468 447 1549 plenam
468 1466 510 1528 illi
531 1484 633 1528 rerum
662 1465 721 1528 ad-

180 1571 430 1637 ministrationem
449 1558 638 1650 oompetere;
662 1569 722 1630 im-

180 1674 303 1738 mobilia
315 1681 413 1743 autem
424 1674 503 1745 bona
513 1674 572 1735 uisi
585 1689 722 1738 cousen-

110 1815 112 1818 .
179 1779 273 1844 tiente
290 1795 399 1852 uxore,
423 1774 575 1839 alienandi
589 1773 721 1837 faculta·
769 1826 772 1831 .
810 1832 840 1861 ὑ.

180 1887 239 1943 tem
262 1881 399 1942 maritum
421 1898 482 1942 non
502 1878 624 1949 babere.
862 1945 864 1949 Ι
1186 1919 1196 1966 Ι.

246 1982 365 2063 Caput
382 1981 432 2045 10.
461 1981 494 2067 ln
509 1980 644 2043 defuncti
659 1998 721 2042 no·
838 1977 905 2040 Art.
921 1975 960 2040 ia
977 1976 1074 2052 „Mon
1090 1976 1141 2039 sol
1155 1977 1213 2039 oola
1228 1977 1315 2038 derne

181 2087 261 2148 mina
284 2085 453 2148 succedere
476 2082 616 2147 heredes.
774 2100 870 2143 eroon>
899 2081 1011 2160 poldon
1043 2080 1104 2142 dou
1120 2099 1201 2142 mea
1231 2080 1316 2143 deme

554 2204 557 2208 ·
774 2184 876 2247 dodau
899 2184 1042 2264 sabololio
1065 2182 1163 2247 sousl'

831 2303 907 2373 „llio
922 2304 1015 2364 sobult
1028 2300 1080 2359 ἄεν
1096 2303 1143 2360 die
1158 2318 1226 2359 mua
1240 2302 1316 2360 soloe

773 2393 993 2472 sebaldip-..'''
1103 2405 1105 2409 ‘
1164 2394 1172 2404 '

830 2501 1049 2576 interpellatione
1079 2517 1147 2573 opus
1176 2485 1240 2557 uon
1259 2502 1317 2558 esse

774 2580 857 2668 siquis
883 2584 917 2652 ἐκ
942 2613 990 2677 sua
1016 2578 1099 2669 ipsius
1123 2611 1242 2670 persona
1265 2596 1316 2652 de-

774 2691 845 2765 bitor
866 2673 947 2761 sibl),
987 2686 994 2775 ζ
1197 2676 1201 2685 ’

181 2850 387 2866 μ-ῌι-ι--α

180 2941 281 3012 legitur
301 2940 386 3010 locus,
407 2940 501 2996 abesse
522 2939 568 2995 illa
588 2940 673 2995 verba
694 2946 844 3011 nequeunt3
865 2956 926 2995 nam
947 2936 1065 3014 scriptor
1086 2940 1124 2996 ait
1143 2940 1253 3012 quidem
1274 2943 1318 2998 vel

180 3035 247 3090 duos
263 3035 307 3088 vel
328 3048 376 3089 sex
391 3034 566 3104 jurisjurandi
587 3034 697 3090 comites
719 3035 883 3090 adhibendos
903 3052 971 3105 esse,
991 3035 1119 3091 brevitati
1141 3042 1229 3092 autern
1246 3053 1317 3093 eon-

180 3128 269 3184 suleus
290 3127 421 3199 quodnam
446 3140 537 3184 earum
563 3129 753 3208 probationum
780 3145 865 3200 genus
892 3128 1046 3199 eligendum
1072 3130 1113 3184 sil-
1125 3130 1233 3186 aliunde
1255 3133 1317 3204 sig-

179 3221 269 3279 nilioat
294 3238 329 3277 ex
350 3223 421 3293 juris
447 3223 636 3280 consuetudine
662 3230 753 3279 uotum
780 3241 846 3279 esse.
888 3224 999 3296 Speculi
1025 3225 1146 3280 saxonici
1168 3225 1316 3298 interpres,

178 3316 306 3388 ignorans
326 3316 381 3372 lool
401 3317 599 3390 corruptelam,
625 3334 705 3388 quum
726 3318 830 3373 nonnisi
851 3325 954 3391 septem
968 3318 1080 3375 testium
1098 3319 1174 3375 diota
1190 3321 1220 3375 in
1237 3321 1317 3391 judi-

180 3412 230 3469 oiis
248 3410 351 3483 requiri
372 3411 612 3482 animadverteret,
638 3412 772 3484 antiquam
792 3412 1012 3469 consuetudinem
1036 3430 1068 3468 aa
1082 3408 1115 3469 ¹iu
1136 3431 1167 3470 re
1189 3420 1317 3472 mutatam

180 3523 238 3562 esse
259 3505 388 3562 eredidit:
415 3505 524 3576 „wisse
545 3507 612 3561 aueh
633 3508 687 3575 hep
707 3506 758 3562 den
781 3507 817 3562 72
836 3507 962 3579 Manuos,
988 3508 1035 3564 das
1055 3509 1160 3564 sololres
1181 3526 1214 3564 zu
1236 3527 1316 3566 unser

179 3600 233 3656 neit
257 3600 381 3656 kommeu
407 3599 442 3655 ist
471 3598 527 3654 auli
534 3598 537 3605 '
554 3600 646 3656 sieben
672 3601 902 3656 vnbesehuldeuer
927 3603 1001 3672 blan,
1031 3603 1100 3659 naolr
1127 3603 1317 3661 Seolnisebem
1350 3627 1352 3631 ·

176 3693 256 3749 'recht
276 3699 305 3748 ut
325 3692 482 3749 Weiolrbild
503 3694 604 3751 arilli
626 3702 653 3750 et
674 3695 730 3752 104
750 3711 809 3750 oum
831 3703 880 3764 art.
898 3698 916 3750 5
937 3698 1110 3768 sequentibus
1130 3704 1165 3754 et·
1178 3700 1205 3755 in
1221 3701 1316 3771 glossa

179 3784 308 3844 ibidem.''
511 3800 514 3804 ’
665 3799 667 3802 ’

256 3881 288 3948 1)
315 3880 462 3939 Saronicus
488 3884 605 3957 scriptor
632 3901 690 3941 eam
715 3886 784 3956 juris
809 3887 961 3956 germanici
982 3887 1104 3957 regulam
1128 3888 1219 3944 statim
1245 3891 1315 3946 sub·

174 3975 301 4052 junxerat
320 3977 383 4032 loeo
403 3970 449 4032 ubi
469 3978 597 4034 heredem
617 3978 651 4034 de
671 3996 735 4035 aere
756 3975 845 4035 alieno
866 3982 953 4036 teneri
973 3980 1073 4037 dietum
1094 3988 1171 4044 est„

172 4081 174 4085 '
256 4069 288 4139 2)
309 4071 385 4127 l'atet
409 4073 520 4129 subesse
545 4074 592 4143 hio
616 4071 876 4130 observatiunoulam
901 4092 934 4131 ex
957 4077 1091 4147 margine
1105 4077 1132 4132 in
1158 4078 1316 4150 seriptionis

134 4205 136 4208 -
171 4158 301 4221 'tenorem
326 4166 395 4222 male
420 4166 561 4239 insertam,
586 4184 655 4239 quae
681 4169 810 4225 trahenda
836 4176 876 4225 est
902 4171 935 4226 ad
958 4172 1040 4227 verba
1067 4172 1190 4243 superius
1217 4174 1314 4230 allata:

177 4256 235 4330 »σὺ
255 4259 307 4317 ber
325 4261 353 4316 is
372 4262 476 4318 iuuerit
499 4262 563 4318 wirt
587 4264 648 4318 alsa
673 4263 752 4318 reobt
766 4260 833 4319 -is.''·
871 4264 1016 4335 Colligitur
1042 4266 1104 4321 inde
1131 4267 1314 4338 quedlinbur-

178 4368 263 4431 gense
282 4357 444 4429 exemplam,
464 4357 529 4412 lloet
548 4356 664 4414 omnium
679 4358 722 4428 qui
738 4358 875 4432 hueusque
891 4360 1073 4432 innotuerunt,
1093 4361 1316 4435 vetustissimum,
