2722 4898
560 341 797 411 -tts—

114 538 185 594 asse,
203 521 238 578 de
253 537 285 577 re
301 525 378 592 gesta
391 518 556 592 fidejussoris
568 519 655 592 juris·

110 615 227 690 jurando
247 621 348 686 stetur,
371 615 452 672 modo
473 614 540 672 dnos
560 613 657 671 alterat

113 717 197 769 testes
222 710 306 783 ipsius
331 711 373 767 rei
399 716 492 782 gestae
518 709 656 766 scientiam

114 807 251 865 babentes.

170 910 305 976 Prac'stito
323 919 376 974 boc
391 915 569 989 jurejurando
584 915 656 973 tide·

109 1016 201 1088 jussor
217 1013 337 1072 uulneris
356 1018 457 1068 tantum
476 1011 582 1067 nomine
602 1017 656 1066 tam

110 1109 195 1182 judici
216 1125 295 1183 quam
315 1109 390 1163 laeso
410 1111 533 1163 teneatur
545 1109 582 1175 ¹).

173 1220 280 1295 Caput
306 1219 371 1277 266.
416 1218 460 1274 Dc
483 1217 595 1273 induciis
621 1219 656 1275 ob
761 1245 764 1250 -

114 1314 327 1390 componendam
344 1312 495 1386 capitalem,
516 1329 594 1386 quam
611 1313 656 1370 di-

115 1417 187 1482 cunt,
207 1407 373 1466 inimicitiam
393 1423 485 1463 coram
501 1407 593 1478 Judice
609 1410 656 1465 sub

110 1502 288 1578 jurisjurandi
313 1501 447 1575 religione
473 1502 655 1572 concessis¹).

175 1616 277 1691 Capitis
303 1614 478 1673 damnandum
508 1632 582 1686 esse,
612 1615 656 1687 qui
725 1643 730 1652 ·
760 1615 1048 1685 „Zadersetbenacis
1063 1615 1148 1674 solra

117 1711 202 1784 tregit
215 1711 333 1768 inducias
346 1728 361 1767 a
376 1727 404 1767 se
419 1727 575 1784 concessas3
595 1726 656 1766 ma·
708 1712 795 1767 arcete
810 1709 946 1767 beatorem
963 1709 1018 1767 den
1036 1728 1092 1784 eya
1111 1728 1148 1787 aa

114 1825 163 1865 nus
182 1807 345 1864 truncandae
368 1812 456 1863 autem
477 1821 590 1879 poenam
610 1803 656 1861 in·
709 1806 763 1862 dem
783 1806 908 1862 anderen
928 1804 1004 1862 toto.
1044 1806 1148 1877 Briclre

115 1903 217 1974 cidere,
238 1901 330 1974 quiin
350 1918 445 1976 pacem
466 1902 498 1956 ab
521 1899 575 1956 alio
593 1917 656 1956 ser·
709 1918 762 1974 epa
781 1917 848 1956 maa
868 1902 921 1957 dec
944 1902 1031 1957 crede
1051 1901 1148 1959 dealt

115 1998 228 2054 vandum
263 2012 376 2069 sponsor
406 1996 492 2051 lactus
524 1994 656 2068 pactionis
708 1995 776 2051 sealt
801 1994 876 2052 solbe
901 1994 978 2052 totta
1005 1996 1032 2051 ia
1053 2004 1148 2073 putp

116 2092 205 2148 laesae
244 2107 320 2146 reum
356 2097 418 2164 post
454 2089 657 2162 quatuordecim
709 2092 763 2147 dec
783 2085 913 2158 bals'’¹).

115 2192 210 2242 noctes
231 2202 284 2242 non
305 2185 431 2241 exhibeat
447 2184 543 2256 judici.

174 2297 203 2354 Si
224 2296 382 2354 exhibeatur
403 2312 465 2353 reus
489 2311 566 2351 manu
585 2294 656 2350 bunc

114 2392 200 2467 ipsum
219 2392 349 2463 truncari,
370 2391 465 2464 capitis
483 2396 571 2446 autem
587 2406 655 2463 sup-

192 2647 224 2718 1)
250 2649 358 2720 Integer
378 2649 423 2705 bic
442 2650 518 2706 locus
544 2648 619 2705 deest
640 2649 666 2705 in
688 2648 856 2711 ambrosiano
877 2650 1017 2722 exemplo,
1047 2649 1081 2707 ad
1103 2667 1148 2722 qua

113 2742 243 2804 tissimum
273 2744 450 2800 conformavit
480 2744 625 2800 editionem
656 2725 740 2800 suam*
754 2743 957 2816 Wackernagel
984 2747 1021 2812 (c.
1043 2743 1127 2814 217).

114 2839 172 2910 ejus
197 2856 260 2912 pars
286 2840 486 2912 corruptissima
514 2839 614 2910 legitur
641 2840 666 2894 in
697 2839 884 2909 lessbergiano
911 2838 1053 2911 exemplo,
1084 2857 1147 2898 eme

115 2951 149 2990 ex
168 2934 307 2990 literariae
328 2934 509 2990 universitatis
530 2934 686 2989 Basileensis
712 2933 797 2989 tribus
819 2933 959 2989 codicibus
985 2934 1012 2989 in
1035 2935 1107 2990 hunc
1128 2952 1148 2992 rr

114 3029 197 3099 „wint
217 3028 282 3083 aber
303 3028 390 3083 ieman
409 3027 508 3099 bivrge
529 3028 607 3084 vnbe
628 3027 680 3082 den
699 3034 740 3084 tot
760 3029 828 3100 slag.
850 3045 909 3083 man
930 3034 1016 3084 toetet
1036 3029 1063 3084 in
1085 3030 1143 3086 alse

114 3122 163 3177 daz
184 3121 217 3177 ist
237 3122 293 3177 also
315 3123 492 3195 gesprocben.
520 3138 578 3178 was
598 3122 646 3178 der
668 3140 726 3178 man
753 3123 889 3195 (intellige
915 3140 974 3179 eum
1002 3123 1035 3179 de
1063 3126 1141 3196 cujus

114 3216 219 3287 agitur)
239 3221 290 3272 tot.
311 3217 346 3272 do
366 3233 397 3273 er
416 3217 514 3288 bivrge
534 3224 612 3273 wart.
640 3219 691 3274 den
712 3235 771 3274 man
791 3218 881 3275 lobetc
900 3218 952 3273 flur
972 3235 1004 3274 ze
1028 3219 1148 3290 briugen

114 3329 145 3368 er
169 3313 195 3368 in
222 3311 278 3367 nibt
304 3311 353 3368 livr
379 3311 514 3382 bringenl.
545 3328 576 3367 er
601 3312 695 3368 atirbet
720 3313 771 3367 livr
796 3310 850 3368 in.'²
898 3313 1053 3386 Supplcnda
1080 3314 1148 3385 igitu

112 3407 207 3478 verba,
227 3423 297 3478 quae
318 3405 446 3461 cancellis
467 3406 567 3461 inclusa
586 3406 632 3461 bic
652 3406 770 3462 exhibui.

193 3502 270 3557 Patet
289 3501 443 3557 saxonicum
463 3501 640 3573 scriptorem,
665 3502 820 3557 haerentem
846 3500 872 3557 in
898 3502 963 3558 loco
986 3501 1134 3560 admodum

112 3584 189 3666 fidei',
214 3595 282 3667 alia,
307 3611 376 3666 quae
402 3595 453 3651 sibi
479 3596 591 3667 aequior
610 3596 668 3652 visa
694 3602 750 3669 est,
775 3597 880 3653 ratione
904 3597 1037 3669 expedire
1065 3614 1148 3669 quaer

114 3691 280 3763 propositam
301 3695 423 3746 conatum
444 3706 511 3746 esse.
869 3749 870 3752 ,

192 3784 225 3853 2)
251 3784 374 3858 Apparet
397 3784 442 3840 hic
468 3785 512 3857 agi
538 3785 571 3842 dc
598 3802 666 3858 pace
691 3784 761 3842 inter
786 3785 908 3859 privatos
935 3787 981 3844 ubi
1006 3804 1111 3858 graves
1137 3807 1148 3845 r

115 3893 212 3934 causae
237 3879 375 3935 subessent
397 3879 574 3950 jurejurando
599 3881 718 3951 firmata,
744 3881 816 3952 quod
836 3880 917 3938 Gallis
940 3882 1079 3939 dicebatur
1100 3902 1148 3942 aaa

113 3977 299 4028 ramentum
329 3971 596 4045 (22assearement”)‚
627 3974 661 4030 de
687 3991 740 4046 quo
770 3975 894 4032 conferas
925 3978 1030 4034 Statuta
1056 3979 1148 4038 budor

113 4067 187 4138 regis
206 4066 227 4136 l,
248 4065 293 4123 3⁷.

189 4161 223 4229 3)
250 4160 400 4219 Saxonicus
426 4163 542 4236 scriptor
568 4163 721 4236 respexisse
742 4165 795 4221 boc
814 4167 877 4222 loco
896 4166 1005 4224 videtur
1021 4169 1066 4239 jus
1086 4186 1148 4228 mu

113 4254 269 4313 saxonicum
288 4262 338 4314 art.
354 4257 399 4314 53.
