2722 4898
477 356 765 424 ⁴...sc-

109 528 253 602 prehensum
277 527 382 586 feriatis
407 543 513 603 quoquc
537 528 632 588 diebus

109 640 171 680 reum
189 623 403 682 constituendum
423 639 490 681 esse.

155 719 224 786 Quae
262 718 361 775 feriato
393 718 438 775 die
472 717 634 792 interposita

109 811 266 883 jurisjurandi
303 812 356 869 nde
390 811 524 887 promissa
559 820 634 885 sunt,

110 911 264 977 praestentur
288 905 385 964 debus
406 922 461 965 nou
482 907 594 985 inpiatis.

155 1001 208 1063 Pro
238 999 383 1067 confesso
409 1000 558 1067 haemmi
583 999 656 1084 ‹pui'

112 1103 233 1167 condicta
251 1104 301 1167 die
319 1103 358 1167 de
378 1120 416 1168 re
434 1103 549 1168 credita
571 1123 633 1170 non

109 1203 249 1286 juraverit,
271 1206 331 1270 nisi
343 1205 434 1288 justis
452 1207 632 1272 excusatio·
749 1267 753 1279 Α

112 1307 182 1372 nitus
196 1309 357 1390 quominus
368 1309 488 1392 juraret
502 1309 633 1392 impedi·

112 1413 159 1472 tum
172 1430 203 1475 se
220 1406 315 1476 fluisse
331 1412 512 1493 probaverit.
535 1413 633 1475 Prae-

113 1512 160 1575 stiti
170 1514 368 1596 jurisjurandi
389 1514 485 1578 instar
501 1532 583 1595 esse,
606 1516 634 1579 si

113 1613 148 1676 rel
172 1617 312 1698 recipere
335 1617 545 1700 jusjurandum
573 1617 632 1681 ad-

112 1719 249 1782 uersarius
282 1720 430 1801 noluerit,
466 1721 517 1784 vel
553 1739 633 1785 oon-

113 1816 203 1909 dictum
232 1820 431 1904 jurisjurandi
458 1822 538 1887 diem
566 1822 632 1906 ipse

112 1922 275 2005 neglexerit.

154 2026 301 2091 Pecuniae
323 2029 460 2092 creditae
480 2047 566 2093 reum
584 2031 633 2095 di-

112 2121 205 2193 tatione
222 2130 278 2194 sibi
294 2131 363 2194 data
380 2132 523 2216 neglecto
538 2134 634 2214 primo

113 2227 148 2292 die
163 2249 254 2296 causa
273 2252 334 2298 non
348 2235 486 2316 protinus
504 2236 633 2316 cadere;

113 2336 191 2398 actori
231 2343 331 2400 autern
372 2336 633 2404 condemnandum

112 2452 176 2519 esse,
202 2440 228 2502 si
249 2457 308 2503 nec
331 2440 421 2521 tertio
445 2441 493 2505 die
515 2436 635 2507 veirerit

112 2547 149 2604 aut
169 2560 335 2608 concessas
357 2543 415 2607 sibi
436 2544 633 2626 probationes

112 2645 273 2728 susceperit,
286 2653 501 2728 praeterquam
512 2649 539 2712 si
550 2649 633 2732 legi-

112 2743 166 2812 time
184 2765 218 2813 se
235 2748 408 2832 impeditum
426 2769 497 2816 esse
515 2753 633 2833 probet.

736 2838 821 2906 Quum
841 2837 983 2894 bavaricus
1002 2838 1118 2912 scriptor
1139 2822 1221 2898 (iius-¹

685 2939 740 2989 rat:
761 2933 871 3003 „swod
886 2950 952 2989 mon
967 2933 1037 2992 aber
1052 2934 1138 2991 sister
1151 2937 1222 2992 oder

563 3043 566 3050 '
680 3027 841 3103 phenniope
856 3029 979 3100 peltae
997 3030 1058 3086 sol.
1081 3030 1152 3086 oder
1164 3048 1220 3087 on-

156 4064 184 4122 ln
202 4066 338 4138 integrum
357 4066 549 4122 restituendum
565 4078 635 4135 esse,

114 4157 148 4224 oui
161 4159 315 4217 ditationem
331 4159 476 4232 impetrare
491 4161 526 4216 ob
540 4159 635 4244 adem-

684 3122 752 3178 dere
776 3123 902 3179 verende
926 3108 986 3196 psit.
1012 3124 1075 3179 aciat
1095 3124 1157 3181 ἀοηι
1177 3126 1223 3182 ein

685 3222 734 3288 top
752 3212 907 3290 pepeben''‚
932 3217 1075 3293 saxonicus
1096 3218 1222 3291 scriptor,

684 3326 752 3381 quae
782 3309 816 3366 de
842 3309 939 3382 judicii
972 3312 1016 3367 dle
1048 3311 1222 3383 intelligenda

684 3408 758 3473 snut,
779 3403 812 3459 ad
832 3404 970 3461 solutionis
991 3404 1063 3460 diem
1085 3405 1222 3478 pertinere
1297 3403 1299 3411 ’

684 3503 769 3568 ratus,
789 3497 822 3554 de
843 3497 1014 3555 dilationibus
1034 3498 1222 3572 condemnato,

684 3598 713 3647 ut
735 3592 883 3664 judicatum
912 3594 1014 3663 solvat,
1043 3592 1221 3650 concedendis

685 3693 865 3759 praepostere
884 3688 937 3744 hoc
957 3688 1019 3743 ioco
1040 3687 1097 3757 egit
1116 3689 1222 3745 verbis:

683 3779 782 3852 „Uber
814 3781 928 3839 ciereen
960 3781 1047 3837 nocht
1081 3782 1127 3838 sot
1156 3798 1223 3838 mon

685 3875 779 3931 sciscit
802 3876 911 3950 poldon.
944 3877 979 3932 de
1004 3892 1070 3932 mon
1094 3891 1147 3932 eor
1169 3893 1222 3951 pe-

687 3969 778 4025 ricdte
796 3970 862 4025 wint
882 3965 954 4027 etc.'’

112 4252 155 4307 nn
175 4255 226 4311 sibi
247 4255 399 4312 libertatern
420 4255 533 4311 aliamve
558 4255 635 4310 sinri-
754 4330 756 4335 ¹

111 4340 153 4402 lena
171 4365 277 4421 eausam
291 4349 444 4426 prohibitus
459 4349 550 4407 fuerit.
581 4348 636 4407 Nec
