2714 4898
133 513 269 575 Simonias
299 534 362 576 reos
387 520 507 593 eligendi
531 530 614 597 pote-

80 617 141 668 state
154 629 288 686 nunqnam
299 616 485 688 recuperanda
496 618 615 690 destitui,

77 710 250 783 perjurusque
270 710 408 768 habendos
427 727 494 769 esse.

73 944 102 1000 ed
122 944 262 1016 ltharunr
280 941 482 1002 Eboraemsera‘
507 944 742 1021 archiepiscopum
768 953 796 1004 et
821 947 977 1020 dagonem,
1004 950 1207 1011 bunelmensem

71 1040 225 1112 episcopum
246 1038 359 1105 (inserta
380 1040 450 1113 apud
464 1042 601 1114 llogerum
617 1042 651 1098 da
665 1042 794 1098 lloveden
815 1043 841 1098 in
855 1044 935 1115 Argi.
953 1062 1013 1102 ann.
1028 1049 1107 1118 perta
1122 1053 1206 1120 post,

69 1134 98 1189 in
106 1134 165 1190 vita
173 1131 290 1188 Raurici
302 1135 412 1191 secandi
426 1137 500 1208 regis
520 1154 546 1209 p.
562 1137 644 1207 569),
664 1137 837 1209 imperatoris
854 1140 1018 1197 camararius
1035 1148 1205 1216 nuncupatur

69 1228 142 1299 Otto,
162 1228 325 1284 marchionis
345 1229 451 1286 Alberti
471 1231 549 1286 lilius.

142 1323 219 1379 l'atet
238 1322 300 1379 inde
321 1324 435 1396 antiquis
455 1325 643 1381 traditionibus
668 1325 745 1382 inniti
765 1328 939 1399 sententiam,
964 1346 1042 1401 pam
1061 1331 1204 1403 profitetur

65 1417 188 1475 beterici
208 1417 272 1474 libri
292 1419 384 1491 lacus,
410 1431 463 1475 non
489 1420 539 1475 nisi
564 1427 667 1493 sepiem
688 1437 746 1476 esse
767 1421 901 1478 electores
921 1423 1073 1499 principes,
1098 1425 1204 1482 scilicet

65 1513 287 1587 archiepiscopos
303 1519 359 1568 tres
373 1514 511 1586 laicosque
524 1515 662 1587 principes
676 1521 801 1587 quatuor,
822 1516 969 1587 singularia
985 1518 1012 1574 in
1032 1519 1136 1576 solenni
1156 1520 1202 1578 in-

66 1608 244 1681 auguratione
264 1607 353 1663 cilicia
375 1611 549 1680 sustinentes,
576 1626 689 1681 quorum
709 1609 852 1666 senescalli
871 1627 918 1665 seu
938 1610 1056 1684 dapiferi
1075 1613 1202 1670 minista-

66 1703 142 1775 rinn,
162 1702 236 1774 quod
256 1703 431 1776 praecipuam
451 1703 523 1776 apud
537 1704 730 1774 Francoqallos
750 1720 836 1774 aeque
852 1719 885 1758 ac
899 1701 1045 1762 Germanos
1058 1723 1109 1779 per
1123 1723 1202 1768 omae

64 1797 180 1854 medium
195 1813 289 1853 aarum
303 1798 423 1854 habitum
438 1805 488 1869 est,
508 1805 536 1854 et
549 1798 670 1854 vicariae
691 1798 785 1869 regiae
801 1798 985 1869 jurisdictioni
1005 1799 1110 1858 solebat
1130 1816 1201 1858 con-

58 1895 181 1965 junctum
202 1907 274 1962 esse,
300 1893 391 1948 comiti
412 1893 535 1968 palatino
552 1893 636 1950 Rheni
662 1892 806 1964 tribuitura,
832 1893 964 1965 equestris
990 1892 1092 1951 ordinis
1115 1912 1200 1968 prae-

50 1987 168 2043 ‘lectura
183 1984 319 2043 Sucniaa·
333 1987 405 2058 duci,
425 1987 567 2044 camerarii
587 2005 679 2044 munus
696 1994 758 2061 post
773 1987 999 2058 lotharingienses
1016 1988 1098 2046 duces
1113 1989 1197 2048 bran-

60 2081 231 2153 danburgico
248 2080 405 2138 marchioni.
438 2083 567 2150 Quartam
587 2089 728 2155 supererat
747 2082 894 2154 pincernae
915 2082 1042 2140 cilicium
1078 2083 1109 2142 ld
1121 2098 1201 2155 varo,

59 2176 155 2250 nequis
182 2176 266 2232 laicus
292 2177 417 2250 princeps
447 2177 551 2233 elector
579 2176 804 2248 videretur‚‘qai
829 2192 882 2233 non
908 2182 936 2234 et
961 2177 1094 2250 palatinas
1119 2184 1200 2250 esset,

59 2271 206 2328 balneariae
225 2271 287 2342 regi
307 2271 512 2327 adscribendum
532 2271 641 2340 luisset,
662 2278 740 2342 quern
760 2277 821 2327 ante
841 2271 974 2344 Radotpni
993 2272 1074 2344 primi
1093 2277 1199 2345 tempus

57 2369 82 2423 in
102 2382 201 2439 regum
221 2365 405 2422 electionibus.
418 2366 557 2422 constabat
576 2365 704 2437 suffragia
724 2367 827 2423 tulisse.
863 2366 918 2424 Sed
932 2382 1012 2438 quum
1025 2366 1200 2425 concmnatus

60 2466 184 2535 apparet,
204 2467 232 2516 ul
252 2477 333 2533 snpra
353 2460 479 2531 indicavi,
500 2461 642 2517 bavaricus
657 2461 728 2517 liber
748 2468 810 2534 post
826 2462 928 2518 curiam
942 2461 1200 2534 Noriabargansem,

60 2557 231 2613 celebratam
247 2571 316 2611 anno
334 2555 418 2626 1274,
439 2554 483 2610 abi
503 2571 555 2627 pro
575 2556 702 2612 tribunali
723 2556 834 2612 sedeate
854 2556 953 2613 comita
973 2555 1058 2613 libeni
1078 2556 1199 2630 palatino

58 2651 205 2708 Bobemiae
230 2650 292 2720 regi
316 2651 352 2706 ob
373 2650 430 2720 ejus
450 2651 647 2705 contumaciam
672 2649 700 2706 in
720 2651 856 2722 obsequiis
880 2652 943 2721 reqi
968 2650 1066 2707 debitis
1087 2650 1121 2707 da
1141 2652 1199 2721 eius

59 2744 235 2819 dignitatibus
261 2745 395 2816 terrisque
420 2744 536 2817 imperio
557 2745 685 2815 subjectis
705 2743 893 2800 controversia
918 2751 991 2800 mota
1017 2750 1092 2815 erat,
1116 2743 1197 2816 idque

56 2839 247 2912 pravissimam
273 2838 409 2894 dissidium
433 2856 512 2910 quem
538 2839 638 2894 exitum
662 2838 814 2895 habiturum
840 2839 874 2895 sit
899 2837 1055 2912 praevideri
1080 2838 1196 2895 nondum

55 2935 200 3009 potuisset,
219 2933 282 2991 libri
298 2934 374 3005 hujus
394 2939 491 2990 auctor
510 2933 632 2991 notitiam
653 2934 688 2989 de
708 2933 816 3006 imperii
835 2933 922 2990 iorma
943 2932 1097 3005 aliquandiu
1116 2939 1196 2990 antea

55 3031 186 3104 scriptam
209 3029 237 3084 in
257 3043 319 3084 suos
339 3044 399 3083 usus
420 3035 599 3098 convertens,
624 3029 670 3085 ubi
691 3028 725 3084 de
745 3028 859 3101 septimo
880 3029 1000 3084 electore
1021 3041 1110 3100 ecque
1128 3027 1194 3100 pin-

56 3141 138 3182 cerna
159 3138 255 3180 sermo
274 3129 334 3179 erat
355 3123 503 3196 prudenter
524 3123 626 3179 delevit
645 3123 790 3180 lloliemiae
815 3123 889 3194 regis
914 3139 1027 3194 nomen,
1051 3122 1084 3179 in·
1104 3121 1195 3179 medio

53 3221 211 3291 relinquere
225 3219 328 3288 uolens,
349 3218 392 3272 cui
410 3224 546 3290 competat
565 3218 667 3291 duplex
685 3219 732 3275 ille
746 3217 867 3274 ministri
887 3217 999 3291 palatini
1018 3222 1046 3273 et
1065 3216 1195 3290 principis

54 3314 184 3371 electoris
203 3313 298 3369 bonor.
330 3312 441 3369 Bohemi
459 3328 547 3383 nequa
566 3312 638 3368 aliud
652 3312 786 3384 quoddam
804 3327 902 3368 nomen
921 3311 1056 3368 excidisse
1077 3309 1192 3366 eviden-

52 3409 156 3466 tissime
177 3407 269 3480 prodit
294 3423 407 3477 sequens
433 3406 555 3461 bavarici
575 3405 630 3460 loci
650 3406 796 3476 sententia,
817 3405 922 3460 verbis:
951 3404 1033 3474 „Diae
1053 3403 1116 3460 viar
1133 3403 1193 3460 srln

53 3503 162 3560 tvsche·
176 3518 235 3558 man
263 3501 304 3557 sin
324 3516 378 3557 ron
398 3492 483 3556 vater
496 3500 564 3555 oder
584 3516 639 3557 ron
658 3486 745 3556 miter
772 3500 912 3556 oderncn
927 3488 962 3554 'ir
987 3493 1192 3566 eintwederm”‚

51 3597 167 3668 scripte,
189 3613 223 3652 ne
244 3594 302 3667 qais
322 3595 394 3651 forte
415 3594 557 3652 miraretur
578 3595 647 3650 inter
668 3596 803 3652 electores
820 3594 867 3650 nic
887 3594 1001 3649 relatum
1020 3590 1078 3661 legi
1097 3589 1191 3646 Bobe-

51 3692 127 3748 miae
146 3706 255 3762 regam,
276 3688 397 3762 quamvis
417 3705 498 3762 supra
519 3689 649 3762 scriptum
668 3689 776 3745 luisset:
804 3688 888 3759 „ilie
908 3684 1066 3743 tivscben
1086 3684 1191 3742 kiasant

50 3787 107 3842 dan
127 3781 252 3856 lriunig”‚
278 3801 398 3857 quaeque
425 3784 452 3839 in
478 3784 609 3841 neminem
635 3783 797 3840 conveniunt
823 3787 940 3854 excepto
961 3779 1109 3849 otiatura,
1131 3778 1189 3835 llu-
1300 3830 1304 3839 .

52 3879 150 3952 dolpbi
170 3880 285 3950 aemulo,
306 3879 352 3950 qui
372 3881 443 3936 solus
463 3880 606 3936 bohemiae
626 3895 722 3950 regum
741 3883 803 3933 ante
821 3876 989 3948 liudolpbnm
1007 3871 1114 3930 Alberti
1134 3871 1188 3928 im-

49 3974 191 4047 peratoris
216 3975 298 4030 lilium
323 3989 376 4030 non
403 3975 436 4029 ab
467 3980 581 4045 utroque
606 3980 719 4046 parente
744 3972 876 4028 Bobemus
903 3974 979 4039 erat,
1004 3967 1052 4024 sed
1077 3971 1188 4024 mabam

48 4067 147 4123 babuit
167 4080 286 4139 suevam,
305 4069 421 4142 Philippi
441 4069 515 4139 regis
527 4068 626 4139 liliam,
646 4068 766 4138 obiitque
787 4081 856 4123 anno
878 4063 960 4121 1278.

131 4163 160 4217 ln
180 4163 378 4221 recentioribus
402 4163 506 4218 demum
532 4162 654 4218 bavarici
679 4161 742 4217 libri
768 4160 898 4233 exemplis
918 4158 1063 4231 pincernae
1086 4151 1189 4212 nomini

50 4257 147 4313 delato
167 4258 237 4314 male
256 4259 398 4315 substituta
418 4262 459 4313 est
478 4256 600 4314 bavarici
621 4256 694 4313 dacis
714 4254 831 4326 mantio,
856 4253 969 4313 retentis
988 4257 1076 4318 tamea
1096 4248 1187 4307 verbis

50 4352 88 4410 de
102 4353 256 4412 necessaria
265 4354 421 4422 *deciorum
433 4349 593 4411 Germanica
605 4350 724 4424 origine,
740 4366 809 4425 quae
820 4348 965 4410 Bcbemiae
978 4352 1079 4430 mutum
1091 4359 1197 4419 caestu

924 4455 982 4512 tr·
