2722 4898
547 329 763 397 ..23-

84 507 177 590 gicae
199 504 307 568 aetatis
328 522 413 568 more
435 509 483 580 (s.
501 503 537 580 1)
556 503 779 589 distinguuntur
800 503 913 586 judicia
930 522 1010 586 quae
1032 522 1088 587 per
1103 503 1220 570 Kalen·

85 609 143 672 das
159 615 211 672 aut
223 609 327 689 quinto
339 608 458 671 decimo
471 626 593 688 quoque
605 608 653 672 die
669 609 793 690 privatis
807 609 848 701 ad
863 610 1093 674 controversias
1107 610 1220 673 finien-

86 713 143 775 das
160 711 334 774 exbibenda
357 718 443 773 erant
465 717 494 774 et
516 713 619 794 magni
636 721 804 777 convontus
824 713 861 775 ad
880 730 959 792 quos
976 713 1091 776 liberae
1110 712 1221 777 condi-

85 815 178 878 tionis
201 831 306 878 omnes
323 814 461 878 homines
479 816 687 896 cujuscunque
709 818 740 878 in
762 835 859 898 regno
882 823 986 879 essent
1005 814 1159 899 dignitatis
1182 816 1221 881 ad

84 919 264 981 tractandas
291 918 424 998 publicas
451 918 591 981 utilitates
626 920 786 999 aliquoties
819 938 875 1001 per
911 937 1020 982 annum
1053 919 1221 982 convocari

86 1023 236 1086 solebant.
280 1021 313 1084 ld
342 1039 380 1082 ne
410 1039 465 1101 pro
495 1022 621 1084 arbitrio
650 1030 682 1083 et
715 1023 812 1085 minus
846 1023 1003 1103 oportunis
1037 1022 1221 1103 temporibus

84 1126 175 1188 lieret
203 1131 321 1187 cautum
349 1124 380 1186 in
409 1124 510 1187 edicto
539 1131 606 1187 erat
634 1126 812 1188 constitutos
835 1126 954 1190 servari
976 1133 1118 1206 oportere
1142 1125 1219 1204 dies,

84 1231 126 1292 ita
153 1235 187 1291 ut
214 1228 335 1290 nonnisi
364 1228 568 1291 conveniendi
595 1228 681 1291 locus
705 1229 843 1310 ajudice
873 1228 1051 1293 indicandus
1080 1231 1219 1303 esset1).

85 1331 216 1394 Karolus
247 1337 347 1393 autem
374 1348 502 1414 magnus
531 1349 570 1394 ne
600 1333 726 1394 comites
761 1331 797 1395 ad
827 1351 978 1413 pauperes
1007 1331 1222 1414 opprimendos

86 1435 118 1497 in
137 1435 189 1516 jus
211 1434 345 1497 vocandi
365 1441 514 1514 potestate
544 1435 741 1497 abuterentur
769 1435 855 1515 plura
884 1436 1014 1500 diversis
1037 1435 1221 1515 temporibus

87 1539 190 1601 edicta
204 1556 272 1600 eam
287 1537 318 1599 in
332 1556 397 1598 rem
412 1538 632 1620 promulganda
647 1539 782 1616 curavit3
806 1539 954 1619 siquidem
978 1540 1015 1602 de
1034 1537 1159 1619 judiciis
1183 1536 1223 1600 ad

85 1642 236 1704 finiendas
266 1641 494 1704 controversias
521 1641 667 1704 habendis
696 1642 732 1704 ab
761 1660 800 1704 eo
829 1649 970 1705 statutum
998 1649 1129 1704 eratne
1154 1640 1221 1721 quis

86 1745 193 1808 venire
223 1751 389 1826 cogeretur
417 1745 475 1806 nisi
504 1745 554 1824 qui
582 1744 621 1807 ad
649 1745 808 1808 dicendam
837 1747 1017 1809 sententiam
1040 1745 1221 1808 constitutus

87 1856 140 1911 aut
154 1848 207 1928 qui
230 1848 295 1911 sive
317 1864 389 1911 reus
412 1848 478 1911 sive
495 1847 580 1911 testis
596 1849 634 1911 ad
651 1865 771 1911 causam
786 1856 913 1911 vocatus
929 1855 1013 1912 esset
1024 1850 1068 1923 ²).
1100 1846 1222 1909 Deinde

86 1970 126 2013 ne
142 1951 342 2032 pauperiores
360 1949 563 2033 fatigarentur
580 1951 788 2016 communibus
806 1953 910 2032 populi
927 1951 1137 2029 conventibus,
1159 1968 1222 2012 no-

85 2056 157 2134 luit,
179 2055 239 2117 nisi
259 2054 432 2135 inopinatae
455 2061 651 2137 emergerent
671 2056 889 2134 necessitates,
918 2054 1039 2136 saepius
1062 2071 1152 2134 quam
1172 2052 1222 2115 bis

84 2160 117 2221 in
147 2176 247 2237 anno,
274 2159 358 2220 circa
386 2159 511 2221 aestatis
540 2165 571 2219 et
599 2158 732 2221 autumni
759 2165 875 2238 tempus
909 2175 964 2220 eos
999 2156 1165 2220 convocari
1175 2157 1221 2230 8).

85 2261 262 2327 Ludovicus
297 2268 394 2324 autem
425 2262 588 2342 imperator
624 2269 779 2341 paternam
813 2261 1018 2324 sanctionem
1035 2261 1067 2322 iu
1094 2258 1222 2340 reliquis

86 2365 225 2447 partibus
255 2364 437 2427 confirmans
466 2370 570 2426 ternos
594 2365 753 2444 quotannis
782 2364 945 2446 generales
968 2370 1139 2429 conventus
1162 2362 1223 2425 ob-

87 2469 259 2532 servandos
282 2484 352 2532 esse
368 2468 459 2548 jussit
469 2469 513 2543 ⁴).

172 2571 330 2652 Paulisper
356 2578 470 2633 tantum
499 2572 622 2634 inverso
651 2570 728 2652 legis
756 2570 963 2650 Bajuariorum
993 2570 1101 2633 ordine
1127 2569 1223 2633 hasce

88 2674 299 2758 carolingicae
329 2675 436 2737 aetatis
466 2675 695 2737 constitutiones
718 2672 881 2736 bavaricus
905 2673 1035 2754 scriptor
1056 2679 1147 2753 prout
1167 2690 1224 2737 sua

88 2786 190 2842 aetate
211 2779 244 2840 in
265 2796 322 2841 usu
345 2785 434 2841 erant
456 2779 597 2858 exposuit
604 2799 612 2855 3
635 2778 763 2858 primum
782 2777 938 2839 disserens
961 2774 998 2837 de
1022 2775 1223 2840 conventibus

89 2884 141 2962 qui
170 2881 354 2965 „generalia
381 2880 516 2962 placita”
551 2882 620 2944 olim
652 2879 840 2944 vocabantur
874 2884 1013 2960 (praem.
1037 2878 1076 2941 ad
1102 2878 1145 2943 lit.
1167 2881 1224 2961 g),

87 2986 199 3048 deinde
223 2991 268 3061 (c.
288 2985 323 3059 1)
351 2993 485 3048 tractans
516 2985 554 3046 de
578 2983 718 3064 judiciis,
749 3000 828 3062 quae
857 2983 889 3044 in
916 2982 1125 3063 Bajuariorum
1152 2981 1223 3065 lege

88 3090 229 3170 „placita
252 3089 291 3151 ad
314 3105 424 3153 causas
446 3085 670 3168 inquirendas”
694 3088 725 3149 in
746 3087 933 3149 Francorum
955 3103 1063 3170 regum
1085 3084 1224 3148 carolin-

88 3195 178 3276 gicae
212 3193 313 3273 stirpis
343 3192 606 3256 constitutionibus
640 3191 778 3272 „placita
809 3190 847 3253 ad
877 3189 1009 3271 justitias
1038 3185 1223 3252 faciendas”

89 3296 294 3378 appellantur.

174 3400 281 3480 Incipit
302 3400 399 3479 prima
420 3399 509 3481 hujus
532 3396 732 3480 expositionis
754 3416 825 3478 pars
845 3416 863 3458 a
881 3395 1000 3461 verbis:
1027 3394 1224 3475 „Unusquis-

89 3522 151 3584 que
181 3502 365 3567 christiauus
392 3503 483 3567 homo
512 3510 559 3565 ter
580 3503 609 3564 in
639 3519 719 3563 anno
743 3519 847 3564 coram
870 3498 931 3562 loci
955 3497 1119 3562 defensore
1137 3497 1224 3579 judi-

90 3609 173 3671 cium
195 3607 368 3687 frequentet
389 3606 482 3685 etc.’',
511 3624 590 3687 quae
618 3605 767 3697 sententia
791 3621 872 3668 nunc
894 3602 971 3665 male
993 3602 1151 3683 particulis
1173 3607 1227 3684 „et

172 3859 202 3927 l)
222 3888 279 3930 „-
294 3874 386 3914 omnes
402 3856 483 3914 liberi
498 3857 658 3913 conveniant
676 3854 877 3911 constitutis
893 3852 1029 3923 diebus,
1049 3850 1108 3908 ubi
1120 3851 1226 3924 jadex
1300 3888 1306 3895 ,

93 3951 343 4011 ordinaverit.''

171 4049 204 4118 2)
225 4048 291 4122 Gap.
313 4047 440 4120 Aquisgr.
462 4065 486 4103 a.
508 4046 564 4101 805
587 4047 668 4113 (Peru
687 4045 708 4115 l,
729 4043 801 4112 156)
826 4044 895 4113 cb,
916 4041 960 4098 13.
995 4041 1060 4098 dod.
1082 4041 1142 4098 Par.
1162 4039 1225 4096 llsc.

91 4144 141 4201 lat.
163 4143 257 4217 Sappl.
280 4143 315 4198 75
337 4144 395 4199 sub.
416 4159 440 4199 c.
458 4141 501 4197 13.
535 4141 682 4210 Ansegisus
702 4140 721 4195 l.
740 4139 783 4194 111.
806 4155 829 4192 c.
844 4136 892 4207 40,
913 4136 957 4191 51.

173 4239 205 4308 3)
226 4237 291 4311 Cap.
312 4239 373 4294 anni
394 4237 450 4292 769
471 4253 493 4291 c.
510 4235 547 4291 12
568 4236 649 4303 (l'erz
668 4235 690 4304 1,
709 4233 771 4302 33).

175 4335 207 4404 4)
228 4332 292 4408 Cap.
314 4351 340 4390 a.
357 4331 414 4389 817
436 4349 459 4387 c.
476 4331 513 4386 14
533 4331 615 4399 (Pera
634 4331 657 4401 l,
676 4327 758 4398 217).
