<?xml version="1.0" encoding="UTF-8"?>
<!DOCTYPE html PUBLIC "-//W3C//DTD XHTML 1.0 Transitional//EN"
    "http://www.w3.org/TR/xhtml1/DTD/xhtml1-transitional.dtd">
<html xmlns="http://www.w3.org/1999/xhtml" xml:lang="en" lang="en">
 <head>
  <title>
</title>
<meta http-equiv="Content-Type" content="text/html;charset=utf-8" />
  <meta name='ocr-system' content='tesseract 3.04.00' />
  <meta name='ocr-capabilities' content='ocr_page ocr_carea ocr_par ocr_line ocrx_word'/>
</head>
<body>
  <div class='ocr_page' id='page_1' title='image "./desaxonicispecu00danigoog_0255.png"; bbox 0 0 2722 4898; ppageno 0'>
   <div class='ocr_carea' id='block_1_1' title="bbox 629 344 862 412">
    <p class='ocr_par' dir='ltr' id='par_1_1' title="bbox 629 344 862 412">
     <span class='ocr_line' id='line_1_1' title="bbox 629 344 862 412; baseline -0.009 -18"><span class='ocrx_word' id='word_1_1' title='bbox 629 344 862 412; x_wconf 67' lang='lat'><strong>..250-</strong></span> 
     </span>
    </p>
   </div>
   <div class='ocr_carea' id='block_1_2' title="bbox 182 514 875 707">
    <p class='ocr_par' dir='ltr' id='par_1_2' title="bbox 182 514 875 719">
     <span class='ocr_line' id='line_1_2' title="bbox 186 514 875 602; baseline -0.01 -15"><span class='ocrx_word' id='word_1_2' title='bbox 186 523 264 587; x_wconf 88' lang='lat' dir='ltr'><strong>dicio</strong></span> <span class='ocrx_word' id='word_1_3' title='bbox 270 545 279 602; x_wconf 82' lang='lat'><em>3</em></span> <span class='ocrx_word' id='word_1_4' title='bbox 300 518 518 586; x_wconf 88' lang='lat' dir='ltr'><strong>convocandos</strong></span> <span class='ocrx_word' id='word_1_5' title='bbox 535 528 633 585; x_wconf 92' lang='lat' dir='ltr'><strong>autem</strong></span> <span class='ocrx_word' id='word_1_6' title='bbox 652 538 721 584; x_wconf 92' lang='lat' dir='ltr'><strong>esse</strong></span> <span class='ocrx_word' id='word_1_7' title='bbox 812 516 818 525; x_wconf 81' lang='grc'><strong><em>’</em></strong></span> <span class='ocrx_word' id='word_1_8' title='bbox 872 514 875 521; x_wconf 87' lang='grc'><strong>’</strong></span> 
     </span>
     <span class='ocr_line' id='line_1_3' title="bbox 182 623 720 707; baseline -0.009 -17"><span class='ocrx_word' id='word_1_9' title='bbox 182 627 335 707; x_wconf 78' lang='lat' dir='ltr'><strong>principes</strong></span> <span class='ocrx_word' id='word_1_10' title='bbox 355 627 458 691; x_wconf 92' lang='lat' dir='ltr'><strong>socios</strong></span> <span class='ocrx_word' id='word_1_11' title='bbox 477 627 640 704; x_wconf 82' lang='lat' dir='ltr'><strong>electores,</strong></span> <span class='ocrx_word' id='word_1_12' title='bbox 662 623 720 686; x_wconf 92' lang='lat' dir='ltr'><strong>de-</strong></span> 
     </span>
    </p>
   </div>
   <div class='ocr_carea' id='block_1_3' title="bbox 115 842 1319 4413">
    <p class='ocr_par' dir='ltr' id='par_1_3' title="bbox 180 842 1316 1394">
     <span class='ocr_line' id='line_1_4' title="bbox 181 842 1316 917; baseline -0.006 -12"><span class='ocrx_word' id='word_1_13' title='bbox 181 845 355 907; x_wconf 83' lang='lat' dir='ltr'><strong>subdidore.&#39;&#39;</strong></span> <span class='ocrx_word' id='word_1_14' title='bbox 391 851 451 905; x_wconf 81' lang='lat' dir='ltr'><strong>Dux</strong></span> <span class='ocrx_word' id='word_1_15' title='bbox 475 844 574 905; x_wconf 84' lang='lat' dir='ltr'><strong>eutem&#39;</strong></span> <span class='ocrx_word' id='word_1_16' title='bbox 589 844 719 903; x_wconf 78' lang='lat' dir='ltr'><strong>ilenricu&#39;s</strong></span> <span class='ocrx_word' id='word_1_17' title='bbox 743 844 796 903; x_wconf 84' lang='lat' dir='ltr'><strong>uon</strong></span> <span class='ocrx_word' id='word_1_18' title='bbox 822 844 873 900; x_wconf 90' lang='lat' dir='ltr'><strong>nisi</strong></span> <span class='ocrx_word' id='word_1_19' title='bbox 897 843 1005 915; x_wconf 79' lang='lat' dir='ltr'><strong>„eruitis</strong></span> <span class='ocrx_word' id='word_1_20' title='bbox 1028 844 1135 900; x_wconf 85' lang='lat' dir='ltr'><strong>illectus</strong></span> <span class='ocrx_word' id='word_1_21' title='bbox 1154 842 1316 917; x_wconf 67' lang='lat' dir='ltr'><strong>promissis*</strong></span> 
     </span>
     <span class='ocr_line' id='line_1_5' title="bbox 181 939 1314 1018; baseline -0.004 -18"><span class='ocrx_word' id='word_1_22' title='bbox 181 945 344 1016; x_wconf 85' lang='lat' dir='ltr'><strong>Retisponae</strong></span> <span class='ocrx_word' id='word_1_23' title='bbox 368 944 473 1014; x_wconf 77' lang='lat' dir='ltr'><strong>regetis</strong></span> <span class='ocrx_word' id='word_1_24' title='bbox 493 943 587 1013; x_wconf 82' lang='lat' dir='ltr'><strong>quibus</strong></span> <span class='ocrx_word' id='word_1_25' title='bbox 610 940 694 996; x_wconf 89' lang='lat' dir='ltr'><strong>duces</strong></span> <span class='ocrx_word' id='word_1_26' title='bbox 720 941 757 996; x_wconf 89' lang='lat' dir='ltr'><strong>uti</strong></span> <span class='ocrx_word' id='word_1_27' title='bbox 777 939 900 995; x_wconf 83' lang='lat' dir='ltr'><strong>solebant</strong></span> <span class='ocrx_word' id='word_1_28' title='bbox 919 939 1034 1008; x_wconf 72' lang='lat' dir='ltr'><strong>insignio</strong></span> <span class='ocrx_word' id='word_1_29' title='bbox 1054 941 1187 1018; x_wconf 83' lang='lat' dir='ltr'><strong>(crucem</strong></span> <span class='ocrx_word' id='word_1_30' title='bbox 1202 946 1231 995; x_wconf 89' lang='lat' dir='ltr'><strong>et</strong></span> <span class='ocrx_word' id='word_1_31' title='bbox 1251 940 1314 995; x_wconf 88' lang='lat' dir='ltr'><strong>leu-</strong></span> 
     </span>
     <span class='ocr_line' id='line_1_6' title="bbox 181 1033 1315 1106; baseline -0.004 -12"><span class='ocrx_word' id='word_1_32' title='bbox 181 1054 255 1094; x_wconf 80' lang='lat' dir='ltr'><strong>ceem</strong></span> <span class='ocrx_word' id='word_1_33' title='bbox 280 1046 308 1093; x_wconf 92' lang='lat' dir='ltr'><strong>et</strong></span> <span class='ocrx_word' id='word_1_34' title='bbox 333 1053 461 1094; x_wconf 89' lang='lat' dir='ltr'><strong>coronam</strong></span> <span class='ocrx_word' id='word_1_35' title='bbox 488 1036 623 1106; x_wconf 75' lang='lat' dir='ltr'>ducalem)</span> <span class='ocrx_word' id='word_1_36' title='bbox 650 1033 768 1090; x_wconf 87' lang='lat' dir='ltr'><strong>reddidit</strong></span> <span class='ocrx_word' id='word_1_37' title='bbox 794 1034 871 1104; x_wconf 81' lang='lat' dir='ltr'><strong>regi,</strong></span> <span class='ocrx_word' id='word_1_38' title='bbox 900 1034 994 1104; x_wconf 91' lang='lat' dir='ltr'><strong>quibus</strong></span> <span class='ocrx_word' id='word_1_39' title='bbox 1019 1049 1072 1089; x_wconf 90' lang='lat' dir='ltr'><strong>nou</strong></span> <span class='ocrx_word' id='word_1_40' title='bbox 1097 1041 1128 1089; x_wconf 94' lang='lat' dir='ltr'><strong>ut</strong></span> <span class='ocrx_word' id='word_1_41' title='bbox 1152 1041 1315 1106; x_wconf 81' lang='lat' dir='ltr'><strong>opereveret</strong></span> 
     </span>
     <span class='ocr_line' id='line_1_7' title="bbox 181 1128 1314 1200; baseline -0.004 -12"><span class='ocrx_word' id='word_1_42' title='bbox 181 1134 269 1188; x_wconf 87' lang='lat' dir='ltr'><strong>denuo</strong></span> <span class='ocrx_word' id='word_1_43' title='bbox 294 1133 320 1188; x_wconf 92' lang='lat' dir='ltr'><strong>in</strong></span> <span class='ocrx_word' id='word_1_44' title='bbox 347 1150 376 1187; x_wconf 90' lang='lat' dir='ltr'><strong>se</strong></span> <span class='ocrx_word' id='word_1_45' title='bbox 401 1132 509 1186; x_wconf 87' lang='lat' dir='ltr'><strong>collatis</strong></span> <span class='ocrx_word' id='word_1_46' title='bbox 533 1132 589 1186; x_wconf 88' lang='lat' dir='ltr'><strong>siue</strong></span> <span class='ocrx_word' id='word_1_47' title='bbox 616 1131 704 1200; x_wconf 78' lang='lat' dir='ltr'><strong>gretie</strong></span> <span class='ocrx_word' id='word_1_48' title='bbox 728 1129 802 1198; x_wconf 78' lang='lat' dir='ltr'><strong>regis</strong></span> <span class='ocrx_word' id='word_1_49' title='bbox 822 1128 960 1198; x_wconf 84' lang='lat' dir='ltr'><strong>discessit,</strong></span> <span class='ocrx_word' id='word_1_50' title='bbox 983 1129 1054 1183; x_wconf 91' lang='lat' dir='ltr'><strong>unde</strong></span> <span class='ocrx_word' id='word_1_51' title='bbox 1080 1128 1314 1185; x_wconf 81' lang='lat' dir='ltr'><strong>vehementissima</strong></span> 
     </span>
     <span class='ocr_line' id='line_1_8' title="bbox 182 1223 1314 1296; baseline -0.003 -13"><span class='ocrx_word' id='word_1_52' title='bbox 182 1229 322 1283; x_wconf 85' lang='lat' dir='ltr'><strong>subsecuto</strong></span> <span class='ocrx_word' id='word_1_53' title='bbox 347 1231 408 1281; x_wconf 93' lang='lat' dir='ltr'><strong>sunt</strong></span> <span class='ocrx_word' id='word_1_54' title='bbox 432 1225 559 1294; x_wconf 84' lang='lat' dir='ltr'><strong>dissidia,</strong></span> <span class='ocrx_word' id='word_1_55' title='bbox 584 1240 697 1296; x_wconf 93' lang='lat' dir='ltr'><strong>quorum</strong></span> <span class='ocrx_word' id='word_1_56' title='bbox 718 1223 913 1279; x_wconf 77' lang='lat' dir='ltr'><strong>vicissitudines</strong></span> <span class='ocrx_word' id='word_1_57' title='bbox 933 1230 961 1278; x_wconf 91' lang='lat' dir='ltr'><strong>et</strong></span> <span class='ocrx_word' id='word_1_58' title='bbox 980 1224 1080 1278; x_wconf 86' lang='lat' dir='ltr'><strong>exitum</strong></span> <span class='ocrx_word' id='word_1_59' title='bbox 1101 1239 1240 1296; x_wconf 71' lang='lat' dir='ltr'><strong>exponere</strong></span> <span class='ocrx_word' id='word_1_60' title='bbox 1260 1240 1314 1280; x_wconf 91' lang='lat' dir='ltr'><strong>nou</strong></span> 
     </span>
     <span class='ocr_line' id='line_1_9' title="bbox 180 1318 879 1394; baseline -0.006 -16"><span class='ocrx_word' id='word_1_61' title='bbox 180 1325 257 1394; x_wconf 77' lang='lat' dir='ltr'><strong>hujus</strong></span> <span class='ocrx_word' id='word_1_62' title='bbox 277 1328 318 1376; x_wconf 90' lang='grc' dir='ltr'><strong>εει</strong></span> <span class='ocrx_word' id='word_1_63' title='bbox 337 1321 392 1375; x_wconf 86' lang='lat' dir='ltr'><strong>loci</strong></span> <span class='ocrx_word' id='word_1_64' title='bbox 412 1319 490 1386; x_wconf 84' lang='lat' dir='ltr'><strong>(Ono</strong></span> <span class='ocrx_word' id='word_1_65' title='bbox 510 1319 623 1390; x_wconf 75' lang='lat' dir='ltr'><strong>Frising.</strong></span> <span class='ocrx_word' id='word_1_66' title='bbox 639 1318 696 1388; x_wconf 82' lang='lat' dir='ltr'><strong>vll,</strong></span> <span class='ocrx_word' id='word_1_67' title='bbox 717 1335 740 1374; x_wconf 92' lang='lat' dir='ltr'><strong>c.</strong></span> <span class='ocrx_word' id='word_1_68' title='bbox 756 1319 802 1388; x_wconf 75' lang='lat'><strong>22,</strong></span> <span class='ocrx_word' id='word_1_69' title='bbox 816 1318 879 1385; x_wconf 81' lang='lat'><strong>23).</strong></span> 
     </span>
    </p>

    <p class='ocr_par' dir='ltr' id='par_1_4' title="bbox 180 1412 1316 1872">
     <span class='ocr_line' id='line_1_10' title="bbox 257 1412 1314 1482; baseline -0.001 -12"><span class='ocrx_word' id='word_1_70' title='bbox 257 1417 286 1471; x_wconf 88' lang='lat' dir='ltr'><strong>iu</strong></span> <span class='ocrx_word' id='word_1_71' title='bbox 313 1414 429 1469; x_wconf 86' lang='lat' dir='ltr'><strong>Conrodi</strong></span> <span class='ocrx_word' id='word_1_72' title='bbox 460 1414 576 1468; x_wconf 73' lang='lat' dir='ltr'><strong>defuncti</strong></span> <span class='ocrx_word' id='word_1_73' title='bbox 607 1413 696 1468; x_wconf 87' lang='lat' dir='ltr'><strong>iocum</strong></span> <span class='ocrx_word' id='word_1_74' title='bbox 726 1427 795 1469; x_wconf 90' lang='lat' dir='ltr'><strong>enno</strong></span> <span class='ocrx_word' id='word_1_75' title='bbox 822 1412 896 1468; x_wconf 81' lang='lat'>1152</span> <span class='ocrx_word' id='word_1_76' title='bbox 925 1412 1144 1482; x_wconf 82' lang='lat' dir='ltr'><strong>Fridericus,</strong></span> <span class='ocrx_word' id='word_1_77' title='bbox 1179 1412 1314 1469; x_wconf 81' lang='lat' dir='ltr'><strong>Friderici</strong></span> 
     </span>
     <span class='ocr_line' id='line_1_11' title="bbox 180 1499 1314 1578; baseline -0.002 -13"><span class='ocrx_word' id='word_1_78' title='bbox 180 1510 272 1566; x_wconf 84' lang='lat' dir='ltr'><strong>iretris</strong></span> <span class='ocrx_word' id='word_1_79' title='bbox 292 1509 348 1578; x_wconf 84' lang='lat' dir='ltr'><strong>ejus</strong></span> <span class='ocrx_word' id='word_1_80' title='bbox 368 1509 452 1577; x_wconf 82' lang='lat' dir='ltr'><strong>titius,</strong></span> <span class='ocrx_word' id='word_1_81' title='bbox 473 1507 528 1562; x_wconf 86' lang='lat' dir='ltr'><strong>dux</strong></span> <span class='ocrx_word' id='word_1_82' title='bbox 548 1506 696 1563; x_wconf 89' lang='lat' dir='ltr'><strong>Suevorum</strong></span> <span class='ocrx_word' id='word_1_83' title='bbox 718 1508 821 1562; x_wconf 87' lang='lat' dir='ltr'><strong>electus</strong></span> <span class='ocrx_word' id='word_1_84' title='bbox 841 1513 883 1561; x_wconf 90' lang='lat' dir='ltr'><strong>est</strong></span> <span class='ocrx_word' id='word_1_85' title='bbox 902 1505 975 1578; x_wconf 90' lang='lat' dir='ltr'><strong>apud</strong></span> <span class='ocrx_word' id='word_1_86' title='bbox 994 1499 1221 1577; x_wconf 81' lang='lat' dir='ltr'><strong>Franconetnrtb,</strong></span> <span class='ocrx_word' id='word_1_87' title='bbox 1241 1525 1314 1563; x_wconf 88' lang='lat' dir='ltr'><strong>uue-</strong></span> 
     </span>
     <span class='ocr_line' id='line_1_12' title="bbox 180 1601 1315 1677; baseline -0.002 -18"><span class='ocrx_word' id='word_1_88' title='bbox 180 1605 245 1660; x_wconf 87' lang='lat' dir='ltr'><strong>nimi</strong></span> <span class='ocrx_word' id='word_1_89' title='bbox 264 1604 411 1677; x_wconf 85' lang='lat' dir='ltr'><strong>principum</strong></span> <span class='ocrx_word' id='word_1_90' title='bbox 430 1603 565 1674; x_wconf 88' lang='lat' dir='ltr'><strong>totiusque</strong></span> <span class='ocrx_word' id='word_1_91' title='bbox 584 1602 663 1672; x_wconf 76' lang='lat' dir='ltr'><strong>regui</strong></span> <span class='ocrx_word' id='word_1_92' title='bbox 683 1617 813 1657; x_wconf 90' lang='lat' dir='ltr'><strong>consensu</strong></span> <span class='ocrx_word' id='word_1_93' title='bbox 834 1601 914 1668; x_wconf 83' lang='lat' dir='ltr'><strong>(Otto</strong></span> <span class='ocrx_word' id='word_1_94' title='bbox 934 1602 1049 1671; x_wconf 75' lang='lat' dir='ltr'><strong>Frisiog.</strong></span> <span class='ocrx_word' id='word_1_95' title='bbox 1064 1602 1122 1672; x_wconf 89' lang='lat' dir='ltr'><strong>Vii,</strong></span> <span class='ocrx_word' id='word_1_96' title='bbox 1141 1618 1167 1656; x_wconf 89' lang='lat' dir='ltr'><strong>c.</strong></span> <span class='ocrx_word' id='word_1_97' title='bbox 1182 1603 1245 1672; x_wconf 81' lang='grc'><strong>57),</strong></span> <span class='ocrx_word' id='word_1_98' title='bbox 1264 1603 1315 1657; x_wconf 89' lang='lat' dir='ltr'><strong>sed</strong></span> 
     </span>
     <span class='ocr_line' id='line_1_13' title="bbox 180 1696 1316 1769; baseline -0.002 -15"><span class='ocrx_word' id='word_1_99' title='bbox 180 1706 250 1755; x_wconf 85' lang='lat' dir='ltr'><strong>teste</strong></span> <span class='ocrx_word' id='word_1_100' title='bbox 269 1696 390 1754; x_wconf 81' lang='lat' dir='ltr'><strong>Amendo</strong></span> <span class='ocrx_word' id='word_1_101' title='bbox 413 1696 461 1764; x_wconf 82' lang='lat' dir='ltr'><strong>(de</strong></span> <span class='ocrx_word' id='word_1_102' title='bbox 482 1697 575 1769; x_wconf 89' lang='lat' dir='ltr'><strong>primis</strong></span> <span class='ocrx_word' id='word_1_103' title='bbox 595 1697 662 1752; x_wconf 84' lang='lat' dir='ltr'><strong>actis</strong></span> <span class='ocrx_word' id='word_1_104' title='bbox 683 1713 698 1753; x_wconf 91' lang='lat' dir='ltr'><strong>e</strong></span> <span class='ocrx_word' id='word_1_105' title='bbox 718 1696 858 1753; x_wconf 85' lang='lat' dir='ltr'><strong>Friderieo</strong></span> <span class='ocrx_word' id='word_1_106' title='bbox 878 1696 904 1750; x_wconf 91' lang='lat' dir='ltr'><strong>in</strong></span> <span class='ocrx_word' id='word_1_107' title='bbox 924 1696 1039 1768; x_wconf 90' lang='lat' dir='ltr'><strong>imperio</strong></span> <span class='ocrx_word' id='word_1_108' title='bbox 1059 1696 1193 1768; x_wconf 83' lang='lat' dir='ltr'><strong>peractis)</strong></span> <span class='ocrx_word' id='word_1_109' title='bbox 1218 1696 1316 1752; x_wconf 86' lang='lat' dir='ltr'><strong>hubito</strong></span> 
     </span>
     <span class='ocr_line' id='line_1_14' title="bbox 180 1790 1072 1872; baseline 0 -25"><span class='ocrx_word' id='word_1_110' title='bbox 180 1793 256 1866; x_wconf 86' lang='lat' dir='ltr'><strong>prius</strong></span> <span class='ocrx_word' id='word_1_111' title='bbox 276 1791 419 1859; x_wconf 77' lang='lat' dir='ltr'><strong>secretiori</strong></span> <span class='ocrx_word' id='word_1_112' title='bbox 440 1791 553 1847; x_wconf 87' lang='lat' dir='ltr'><strong>consilio</strong></span> <span class='ocrx_word' id='word_1_113' title='bbox 572 1790 642 1846; x_wconf 91' lang='lat' dir='ltr'><strong>inter</strong></span> <span class='ocrx_word' id='word_1_114' title='bbox 662 1805 773 1861; x_wconf 82' lang='lat' dir='ltr'><strong>magnos</strong></span> <span class='ocrx_word' id='word_1_115' title='bbox 792 1790 1072 1872; x_wconf 78' lang='lat' dir='ltr'><strong>regniedmiuistroe.</strong></span> 
     </span>
    </p>

    <p class='ocr_par' dir='ltr' id='par_1_5' title="bbox 180 1883 1317 2146">
     <span class='ocr_line' id='line_1_15' title="bbox 257 1883 1317 1957; baseline -0.001 -15"><span class='ocrx_word' id='word_1_116' title='bbox 257 1886 425 1955; x_wconf 79' lang='lat' dir='ltr'><strong>Fridericus,</strong></span> <span class='ocrx_word' id='word_1_117' title='bbox 444 1885 589 1941; x_wconf 80' lang='lat' dir='ltr'><strong>senonicae</strong></span> <span class='ocrx_word' id='word_1_118' title='bbox 611 1892 639 1940; x_wconf 93' lang='lat' dir='ltr'><strong>et</strong></span> <span class='ocrx_word' id='word_1_119' title='bbox 659 1883 829 1940; x_wconf 79' lang='lat' dir='ltr'><strong>franconicee</strong></span> <span class='ocrx_word' id='word_1_120' title='bbox 849 1885 941 1957; x_wconf 76' lang='lat' dir='ltr'><strong>stirpis</strong></span> <span class='ocrx_word' id='word_1_121' title='bbox 960 1900 1056 1955; x_wconf 76' lang='lat' dir='ltr'><strong>repom</strong></span> <span class='ocrx_word' id='word_1_122' title='bbox 1078 1900 1189 1940; x_wconf 81' lang='lat' dir='ltr'><strong>serrem</strong></span> <span class='ocrx_word' id='word_1_123' title='bbox 1208 1900 1317 1941; x_wconf 82' lang='lat' dir='ltr'><strong>morem</strong></span> 
     </span>
     <span class='ocr_line' id='line_1_16' title="bbox 180 1974 1317 2051; baseline -0.001 -15"><span class='ocrx_word' id='word_1_124' title='bbox 180 1983 259 2051; x_wconf 84' lang='lat' dir='ltr'><strong>tilium</strong></span> <span class='ocrx_word' id='word_1_125' title='bbox 280 1981 474 2051; x_wconf 85' lang='lat' dir='ltr'><strong>quinquennem</strong></span> <span class='ocrx_word' id='word_1_126' title='bbox 494 1979 673 2035; x_wconf 84' lang='lat' dir='ltr'><strong>Henricum</strong></span> <span class='ocrx_word' id='word_1_127' title='bbox 694 1995 763 2034; x_wconf 90' lang='lat' dir='ltr'><strong>enno</strong></span> <span class='ocrx_word' id='word_1_128' title='bbox 778 1977 852 2034; x_wconf 77' lang='grc'>1167</span> <span class='ocrx_word' id='word_1_129' title='bbox 873 1996 966 2049; x_wconf 84' lang='lat' dir='ltr'><strong>regem</strong></span> <span class='ocrx_word' id='word_1_130' title='bbox 987 1978 1138 2050; x_wconf 77' lang='lat' dir='ltr'><strong>eligere-in</strong></span> <span class='ocrx_word' id='word_1_131' title='bbox 1152 1974 1317 2051; x_wconf 74' lang='lat' dir='ltr'><strong>bavenberg</strong></span> 
     </span>
     <span class='ocr_line' id='line_1_17' title="bbox 180 2072 1315 2146; baseline 0 -15"><span class='ocrx_word' id='word_1_132' title='bbox 180 2082 207 2131; x_wconf 87' lang='lat' dir='ltr'><strong>et</strong></span> <span class='ocrx_word' id='word_1_133' title='bbox 226 2074 399 2145; x_wconf 78' lang='lat' dir='ltr'><strong>subsequenti</strong></span> <span class='ocrx_word' id='word_1_134' title='bbox 418 2089 487 2129; x_wconf 90' lang='lat' dir='ltr'><strong>enno</strong></span> <span class='ocrx_word' id='word_1_135' title='bbox 506 2074 590 2144; x_wconf 80' lang='lat' dir='ltr'><strong>ungui</strong></span> <span class='ocrx_word' id='word_1_136' title='bbox 610 2074 674 2129; x_wconf 84' lang='lat' dir='ltr'><strong>tecit</strong></span> <span class='ocrx_word' id='word_1_137' title='bbox 688 2073 850 2144; x_wconf 79' lang='lat' dir='ltr'><strong>Aquisgrani</strong></span> <span class='ocrx_word' id='word_1_138' title='bbox 866 2072 1197 2146; x_wconf 83' lang='lat' dir='ltr'><strong>ePbiiippo,coloniessi</strong></span> <span class='ocrx_word' id='word_1_139' title='bbox 1216 2074 1315 2131; x_wconf 85' lang='lat' dir='ltr'><strong>archi-</strong></span> 
     </span>
    </p>

    <p class='ocr_par' dir='ltr' id='par_1_6' title="bbox 115 2170 1319 2901">
     <span class='ocr_line' id='line_1_18' title="bbox 181 2170 320 2242; baseline 0 -18"><span class='ocrx_word' id='word_1_140' title='bbox 181 2170 320 2242; x_wconf 85' lang='lat' dir='ltr'><strong>episeopo.</strong></span> 
     </span>
     <span class='ocr_line' id='line_1_19' title="bbox 115 2251 1317 2336; baseline 0 -17"><span class='ocrx_word' id='word_1_141' title='bbox 115 2251 119 2258; x_wconf 33' lang='lat'>¹</span> <span class='ocrx_word' id='word_1_142' title='bbox 256 2263 316 2336; x_wconf 83' lang='lat' dir='ltr'><strong>lpse</strong></span> <span class='ocrx_word' id='word_1_143' title='bbox 335 2262 480 2332; x_wconf 81' lang='lat' dir='ltr'><strong>ilenricus,</strong></span> <span class='ocrx_word' id='word_1_144' title='bbox 504 2261 565 2317; x_wconf 90' lang='lat' dir='ltr'><strong>dum</strong></span> <span class='ocrx_word' id='word_1_145' title='bbox 586 2278 655 2319; x_wconf 89' lang='lat' dir='ltr'><strong>anuo</strong></span> <span class='ocrx_word' id='word_1_146' title='bbox 678 2261 750 2318; x_wconf 78' lang='lat' dir='ltr'><strong>ntus</strong></span> <span class='ocrx_word' id='word_1_147' title='bbox 770 2261 981 2335; x_wconf 83' lang='lat' dir='ltr'><strong>intempestirius</strong></span> <span class='ocrx_word' id='word_1_148' title='bbox 1001 2263 1115 2318; x_wconf 86' lang='lat' dir='ltr'><strong>insteret</strong></span> <span class='ocrx_word' id='word_1_149' title='bbox 1133 2263 1317 2336; x_wconf 80' lang='lat' dir='ltr'><strong>principibus,</strong></span> 
     </span>
     <span class='ocr_line' id='line_1_20' title="bbox 180 2356 1319 2441; baseline 0 -28"><span class='ocrx_word' id='word_1_150' title='bbox 180 2365 209 2414; x_wconf 92' lang='lat' dir='ltr'><strong>ut</strong></span> <span class='ocrx_word' id='word_1_151' title='bbox 227 2358 262 2413; x_wconf 93' lang='lat' dir='ltr'><strong>ed</strong></span> <span class='ocrx_word' id='word_1_152' title='bbox 282 2357 394 2412; x_wconf 85' lang='lat' dir='ltr'><strong>tiliolum</strong></span> <span class='ocrx_word' id='word_1_153' title='bbox 413 2357 481 2427; x_wconf 82' lang='lat' dir='ltr'><strong>ejus,</strong></span> <span class='ocrx_word' id='word_1_154' title='bbox 504 2356 612 2411; x_wconf 84' lang='lat' dir='ltr'><strong>vixdum</strong></span> <span class='ocrx_word' id='word_1_155' title='bbox 632 2374 648 2411; x_wconf 93' lang='grc' dir='ltr'><strong>ε</strong></span> <span class='ocrx_word' id='word_1_156' title='bbox 667 2357 766 2427; x_wconf 82' lang='lat' dir='ltr'><strong>regine</strong></span> <span class='ocrx_word' id='word_1_157' title='bbox 786 2363 949 2428; x_wconf 87' lang='lat' dir='ltr'><strong>susceptum,</strong></span> <span class='ocrx_word' id='word_1_158' title='bbox 975 2357 1001 2412; x_wconf 91' lang='lat' dir='ltr'><strong>in</strong></span> <span class='ocrx_word' id='word_1_159' title='bbox 1021 2358 1124 2414; x_wconf 84' lang='lat' dir='ltr'><strong>numeni</strong></span> <span class='ocrx_word' id='word_1_160' title='bbox 1144 2358 1319 2441; x_wconf 78' lang='lat' dir='ltr'><strong>principatus</strong></span> 
     </span>
     <span class='ocr_line' id='line_1_21' title="bbox 181 2450 1317 2524; baseline 0 -17"><span class='ocrx_word' id='word_1_161' title='bbox 181 2451 338 2522; x_wconf 75' lang='lat' dir='ltr'><strong>dignitatem</strong></span> <span class='ocrx_word' id='word_1_162' title='bbox 356 2450 523 2506; x_wconf 85' lang='lat' dir='ltr'><strong>hereditario</strong></span> <span class='ocrx_word' id='word_1_163' title='bbox 544 2450 618 2522; x_wconf 83' lang='lat' dir='ltr'><strong>quusi</strong></span> <span class='ocrx_word' id='word_1_164' title='bbox 635 2451 698 2521; x_wconf 91' lang='lat' dir='ltr'><strong>jure</strong></span> <span class='ocrx_word' id='word_1_165' title='bbox 719 2450 928 2507; x_wconf 89' lang='lat' dir='ltr'><strong>substituendum</strong></span> <span class='ocrx_word' id='word_1_166' title='bbox 948 2468 984 2507; x_wconf 85' lang='lat' dir='ltr'><strong>ex</strong></span> <span class='ocrx_word' id='word_1_167' title='bbox 1001 2455 1111 2524; x_wconf 86' lang='lat' dir='ltr'><strong>entique</strong></span> <span class='ocrx_word' id='word_1_168' title='bbox 1125 2453 1206 2522; x_wconf 77' lang='lat' dir='ltr'><strong>regui</strong></span> <span class='ocrx_word' id='word_1_169' title='bbox 1227 2468 1317 2522; x_wconf 88' lang='lat' dir='ltr'><strong>more,</strong></span> 
     </span>
     <span class='ocr_line' id='line_1_22' title="bbox 181 2544 1317 2619; baseline 0.003 -19"><span class='ocrx_word' id='word_1_170' title='bbox 181 2545 261 2616; x_wconf 88' lang='lat' dir='ltr'><strong>idque</strong></span> <span class='ocrx_word' id='word_1_171' title='bbox 280 2545 438 2617; x_wconf 82' lang='lat' dir='ltr'><strong>posthabitis</strong></span> <span class='ocrx_word' id='word_1_172' title='bbox 458 2545 517 2599; x_wconf 86' lang='lat' dir='ltr'><strong>eliis</strong></span> <span class='ocrx_word' id='word_1_173' title='bbox 537 2544 616 2616; x_wconf 77' lang='lat' dir='ltr'><strong>regni</strong></span> <span class='ocrx_word' id='word_1_174' title='bbox 635 2545 765 2616; x_wconf 80' lang='lat' dir='ltr'><strong>negotiis,</strong></span> <span class='ocrx_word' id='word_1_175' title='bbox 788 2545 957 2601; x_wconf 83' lang='lat' dir='ltr'><strong>intenderent</strong></span> <span class='ocrx_word' id='word_1_176' title='bbox 977 2547 1107 2616; x_wconf 86' lang='lat' dir='ltr'><strong>enimum,</strong></span> <span class='ocrx_word' id='word_1_177' title='bbox 1132 2548 1183 2602; x_wconf 87' lang='lat' dir='ltr'><strong>bec</strong></span> <span class='ocrx_word' id='word_1_178' title='bbox 1204 2547 1317 2619; x_wconf 86' lang='lat' dir='ltr'><strong>quidem</strong></span> 
     </span>
     <span class='ocr_line' id='line_1_23' title="bbox 180 2639 1316 2711; baseline 0.004 -17"><span class='ocrx_word' id='word_1_179' title='bbox 180 2641 240 2695; x_wconf 90' lang='lat' dir='ltr'><strong>vice</strong></span> <span class='ocrx_word' id='word_1_180' title='bbox 261 2656 307 2693; x_wconf 90' lang='lat' dir='ltr'><strong>sua</strong></span> <span class='ocrx_word' id='word_1_181' title='bbox 328 2657 375 2711; x_wconf 88' lang='lat' dir='ltr'><strong>spe</strong></span> <span class='ocrx_word' id='word_1_182' title='bbox 396 2640 537 2695; x_wconf 79' lang='lat' dir='ltr'><strong>frustratus</strong></span> <span class='ocrx_word' id='word_1_183' title='bbox 558 2646 612 2709; x_wconf 87' lang='lat' dir='ltr'><strong>est,</strong></span> <span class='ocrx_word' id='word_1_184' title='bbox 637 2646 707 2695; x_wconf 90' lang='lat' dir='ltr'><strong>teste</strong></span> <span class='ocrx_word' id='word_1_185' title='bbox 728 2640 866 2695; x_wconf 72' lang='lat' dir='ltr'><strong>duuberto</strong></span> <span class='ocrx_word' id='word_1_186' title='bbox 885 2639 989 2696; x_wconf 86' lang='lat' dir='ltr'><strong>clerico</strong></span> <span class='ocrx_word' id='word_1_187' title='bbox 1009 2641 1050 2708; x_wconf 82' lang='lat' dir='ltr'><strong>(iu</strong></span> <span class='ocrx_word' id='word_1_188' title='bbox 1070 2641 1181 2696; x_wconf 86' lang='lat' dir='ltr'><strong>historie</strong></span> <span class='ocrx_word' id='word_1_189' title='bbox 1203 2642 1240 2696; x_wconf 91' lang='lat' dir='ltr'><strong>de</strong></span> <span class='ocrx_word' id='word_1_190' title='bbox 1259 2658 1316 2698; x_wconf 87' lang='lat' dir='ltr'><strong>ex-</strong></span> 
     </span>
     <span class='ocr_line' id='line_1_24' title="bbox 180 2733 1316 2808; baseline 0.003 -18"><span class='ocrx_word' id='word_1_191' title='bbox 180 2734 315 2807; x_wconf 87' lang='lat' dir='ltr'><strong>peditione</strong></span> <span class='ocrx_word' id='word_1_192' title='bbox 328 2733 460 2789; x_wconf 86' lang='lat' dir='ltr'><strong>Friderici</strong></span> <span class='ocrx_word' id='word_1_193' title='bbox 480 2734 676 2807; x_wconf 85' lang='lat' dir='ltr'><strong>imperatoris),</strong></span> <span class='ocrx_word' id='word_1_194' title='bbox 696 2737 771 2803; x_wconf 84' lang='lat' dir='ltr'><strong>cujus</strong></span> <span class='ocrx_word' id='word_1_195' title='bbox 786 2736 871 2790; x_wconf 84' lang='lat' dir='ltr'><strong>uerba</strong></span> <span class='ocrx_word' id='word_1_196' title='bbox 887 2735 940 2790; x_wconf 86' lang='lat' dir='ltr'><strong>hue</strong></span> <span class='ocrx_word' id='word_1_197' title='bbox 959 2734 1129 2807; x_wconf 83' lang='lat' dir='ltr'><strong>pertinentis,</strong></span> <span class='ocrx_word' id='word_1_198' title='bbox 1150 2751 1229 2792; x_wconf 83' lang='lat' dir='ltr'><strong>uuam</strong></span> <span class='ocrx_word' id='word_1_199' title='bbox 1244 2754 1316 2808; x_wconf 88' lang='lat' dir='ltr'><strong>quae</strong></span> 
     </span>
     <span class='ocr_line' id='line_1_25' title="bbox 181 2828 783 2901; baseline 0.002 -18"><span class='ocrx_word' id='word_1_200' title='bbox 181 2829 256 2885; x_wconf 87' lang='lat' dir='ltr'><strong>deest</strong></span> <span class='ocrx_word' id='word_1_201' title='bbox 274 2828 435 2901; x_wconf 77' lang='lat' dir='ltr'><strong>perticulam</strong></span> <span class='ocrx_word' id='word_1_202' title='bbox 456 2829 613 2900; x_wconf 82' lang='lat' dir='ltr'><strong>supplendo,</strong></span> <span class='ocrx_word' id='word_1_203' title='bbox 632 2828 672 2883; x_wconf 85' lang='lat' dir='ltr'><strong>sic</strong></span> <span class='ocrx_word' id='word_1_204' title='bbox 691 2829 783 2898; x_wconf 78' lang='lat' dir='ltr'><strong>leges:</strong></span> 
     </span>
    </p>

    <p class='ocr_par' dir='ltr' id='par_1_7' title="bbox 178 2921 1315 4127">
     <span class='ocr_line' id='line_1_26' title="bbox 256 2921 1315 2995; baseline 0.004 -18"><span class='ocrx_word' id='word_1_205' title='bbox 256 2923 350 2992; x_wconf 78' lang='lat' dir='ltr'><strong>„Quae</strong></span> <span class='ocrx_word' id='word_1_206' title='bbox 375 2921 504 2978; x_wconf 80' lang='lat' dir='ltr'><strong>dissensio</strong></span> <span class='ocrx_word' id='word_1_207' title='bbox 528 2923 563 2977; x_wconf 89' lang='lat' dir='ltr'><strong>de</strong></span> <span class='ocrx_word' id='word_1_208' title='bbox 586 2922 629 2978; x_wconf 89' lang='lat' dir='ltr'><strong>vis</strong></span> <span class='ocrx_word' id='word_1_209' title='bbox 655 2923 778 2978; x_wconf 86' lang='lat' dir='ltr'><strong>habenda</strong></span> <span class='ocrx_word' id='word_1_210' title='bbox 804 2925 871 2991; x_wconf 76' lang='lat' dir='ltr'><strong>[ans</strong></span> <span class='ocrx_word' id='word_1_211' title='bbox 897 2923 1060 2995; x_wconf 75' lang='lat' dir='ltr'><strong>capiendo?</strong></span> <span class='ocrx_word' id='word_1_212' title='bbox 1082 2922 1110 2979; x_wconf 87' lang='lat' dir='ltr'><strong>in</strong></span> <span class='ocrx_word' id='word_1_213' title='bbox 1130 2930 1233 2980; x_wconf 90' lang='lat' dir='ltr'><strong>terrem</strong></span> <span class='ocrx_word' id='word_1_214' title='bbox 1253 2927 1315 2982; x_wconf 86' lang='lat' dir='ltr'><strong>scit.</strong></span> 
     </span>
     <span class='ocr_line' id='line_1_27' title="bbox 180 3017 1315 3093; baseline 0.003 -20"><span class='ocrx_word' id='word_1_215' title='bbox 180 3020 308 3086; x_wconf 78' lang='lat' dir='ltr'><strong>renotem]</strong></span> <span class='ocrx_word' id='word_1_216' title='bbox 334 3017 405 3071; x_wconf 91' lang='lat' dir='ltr'><strong>iuter</strong></span> <span class='ocrx_word' id='word_1_217' title='bbox 431 3033 478 3072; x_wconf 93' lang='lat' dir='ltr'><strong>eos</strong></span> <span class='ocrx_word' id='word_1_218' title='bbox 504 3017 549 3072; x_wconf 92' lang='lat' dir='ltr'><strong>diu</strong></span> <span class='ocrx_word' id='word_1_219' title='bbox 575 3017 698 3087; x_wconf 89' lang='lat' dir='ltr'><strong>duravit,</strong></span> <span class='ocrx_word' id='word_1_220' title='bbox 724 3017 875 3074; x_wconf 73' lang='lat' dir='ltr'><strong>Senonibus</strong></span> <span class='ocrx_word' id='word_1_221' title='bbox 894 3018 1072 3073; x_wconf 85' lang='lat' dir='ltr'><strong>renitentibus</strong></span> <span class='ocrx_word' id='word_1_222' title='bbox 1090 3019 1166 3090; x_wconf 89' lang='lat' dir='ltr'><strong>sequi</strong></span> <span class='ocrx_word' id='word_1_223' title='bbox 1186 3019 1315 3093; x_wconf 83' lang='lat' dir='ltr'><strong>impera·</strong></span> 
     </span>
     <span class='ocr_line' id='line_1_28' title="bbox 179 3109 1313 3186; baseline 0.003 -19"><span class='ocrx_word' id='word_1_224' title='bbox 179 3119 275 3167; x_wconf 85' lang='lat' dir='ltr'><strong>torem.</strong></span> <span class='ocrx_word' id='word_1_225' title='bbox 304 3109 401 3165; x_wconf 79' lang='lat' dir='ltr'><strong>Effecit</strong></span> <span class='ocrx_word' id='word_1_226' title='bbox 420 3117 508 3166; x_wconf 85' lang='lat' dir='ltr'><strong>tenreu</strong></span> <span class='ocrx_word' id='word_1_227' title='bbox 523 3112 577 3166; x_wconf 88' lang='lat' dir='ltr'><strong>boc</strong></span> <span class='ocrx_word' id='word_1_228' title='bbox 598 3111 647 3179; x_wconf 89' lang='lat' dir='ltr'><strong>[ite</strong></span> <span class='ocrx_word' id='word_1_229' title='bbox 663 3111 742 3181; x_wconf 90' lang='lat' dir='ltr'><strong>enim,</strong></span> <span class='ocrx_word' id='word_1_230' title='bbox 760 3127 815 3167; x_wconf 91' lang='lat' dir='ltr'><strong>non</strong></span> <span class='ocrx_word' id='word_1_231' title='bbox 834 3118 864 3167; x_wconf 89' lang='lat' dir='ltr'><strong>ut</strong></span> <span class='ocrx_word' id='word_1_232' title='bbox 880 3112 1006 3168; x_wconf 83' lang='lat' dir='ltr'><strong>mendose</strong></span> <span class='ocrx_word' id='word_1_233' title='bbox 1026 3113 1155 3186; x_wconf 82' lang='lat' dir='ltr'><strong>scriptum</strong></span> <span class='ocrx_word' id='word_1_234' title='bbox 1176 3114 1313 3170; x_wconf 84' lang='lat' dir='ltr'><strong>invenitur</strong></span> 
     </span>
     <span class='ocr_line' id='line_1_29' title="bbox 180 3204 1313 3278; baseline 0.004 -18"><span class='ocrx_word' id='word_1_235' title='bbox 180 3206 225 3260; x_wconf 82' lang='lat' dir='ltr'><strong>ieie</strong></span> <span class='ocrx_word' id='word_1_236' title='bbox 244 3204 397 3275; x_wconf 77' lang='lat' dir='ltr'><strong>legendum]</strong></span> <span class='ocrx_word' id='word_1_237' title='bbox 419 3204 550 3275; x_wconf 79' lang='lat' dir='ltr'><strong>quaedem</strong></span> <span class='ocrx_word' id='word_1_238' title='bbox 570 3206 679 3261; x_wconf 88' lang='lat' dir='ltr'><strong>occesio</strong></span> <span class='ocrx_word' id='word_1_239' title='bbox 699 3223 817 3277; x_wconf 87' lang='lat' dir='ltr'><strong>quaese</strong></span> <span class='ocrx_word' id='word_1_240' title='bbox 837 3207 1006 3278; x_wconf 73' lang='lat' dir='ltr'><strong>interposuit,</strong></span> <span class='ocrx_word' id='word_1_241' title='bbox 1029 3207 1092 3262; x_wconf 80' lang='lat' dir='ltr'><strong>dnn</strong></span> <span class='ocrx_word' id='word_1_242' title='bbox 1109 3206 1148 3263; x_wconf 83' lang='lat' dir='ltr'><strong>de</strong></span> <span class='ocrx_word' id='word_1_243' title='bbox 1167 3208 1231 3264; x_wconf 84' lang='lat' dir='ltr'><strong>viee</strong></span> <span class='ocrx_word' id='word_1_244' title='bbox 1251 3209 1313 3265; x_wconf 88' lang='lat' dir='ltr'><strong>dis-</strong></span> 
     </span>
     <span class='ocr_line' id='line_1_30' title="bbox 180 3300 1314 3375; baseline 0.004 -21"><span class='ocrx_word' id='word_1_245' title='bbox 180 3305 321 3354; x_wconf 85' lang='lat' dir='ltr'><strong>currerent</strong></span> <span class='ocrx_word' id='word_1_246' title='bbox 340 3312 476 3371; x_wconf 90' lang='lat' dir='ltr'><strong>processu.</strong></span> <span class='ocrx_word' id='word_1_247' title='bbox 522 3301 671 3371; x_wconf 89' lang='lat' dir='ltr'><strong>imperator</strong></span> <span class='ocrx_word' id='word_1_248' title='bbox 691 3300 836 3372; x_wconf 82' lang='lat' dir='ltr'><strong>siquidem,</strong></span> <span class='ocrx_word' id='word_1_249' title='bbox 861 3301 925 3372; x_wconf 88' lang='lat' dir='ltr'><strong>quie</strong></span> <span class='ocrx_word' id='word_1_250' title='bbox 944 3301 1074 3357; x_wconf 86' lang='lat' dir='ltr'><strong>heredem</strong></span> <span class='ocrx_word' id='word_1_251' title='bbox 1098 3310 1259 3375; x_wconf 76' lang='lat' dir='ltr'><strong>susceperat</strong></span> <span class='ocrx_word' id='word_1_252' title='bbox 1279 3304 1314 3359; x_wconf 91' lang='lat' dir='ltr'><strong>de</strong></span> 
     </span>
     <span class='ocr_line' id='line_1_31' title="bbox 178 3389 1313 3468; baseline 0.003 -19"><span class='ocrx_word' id='word_1_253' title='bbox 178 3395 275 3465; x_wconf 76' lang='lat' dir='ltr'><strong>regina</strong></span> <span class='ocrx_word' id='word_1_254' title='bbox 295 3393 365 3448; x_wconf 90' lang='lat' dir='ltr'><strong>uude</strong></span> <span class='ocrx_word' id='word_1_255' title='bbox 385 3393 410 3448; x_wconf 88' lang='lat' dir='ltr'><strong>ei</strong></span> <span class='ocrx_word' id='word_1_256' title='bbox 431 3389 522 3449; x_wconf 81' lang='lat' dir='ltr'><strong>terroe</strong></span> <span class='ocrx_word' id='word_1_257' title='bbox 541 3411 623 3467; x_wconf 92' lang='lat' dir='ltr'><strong>supre</strong></span> <span class='ocrx_word' id='word_1_258' title='bbox 644 3395 732 3451; x_wconf 87' lang='lat' dir='ltr'><strong>dietae</strong></span> <span class='ocrx_word' id='word_1_259' title='bbox 751 3396 908 3466; x_wconf 83' lang='lat' dir='ltr'><strong>ettiuebeut,</strong></span> <span class='ocrx_word' id='word_1_260' title='bbox 928 3396 1040 3468; x_wconf 86' lang='lat' dir='ltr'><strong>cupiens</strong></span> <span class='ocrx_word' id='word_1_261' title='bbox 1056 3395 1168 3452; x_wconf 77' lang='lat' dir='ltr'><strong>eiicere</strong></span> <span class='ocrx_word' id='word_1_262' title='bbox 1185 3403 1216 3453; x_wconf 90' lang='lat' dir='ltr'><strong>ut</strong></span> <span class='ocrx_word' id='word_1_263' title='bbox 1233 3394 1313 3453; x_wconf 79' lang='lat' dir='ltr'><strong>nour-</strong></span> 
     </span>
     <span class='ocr_line' id='line_1_32' title="bbox 179 3488 1312 3563; baseline 0.004 -19"><span class='ocrx_word' id='word_1_264' title='bbox 179 3489 250 3544; x_wconf 89' lang='lat' dir='ltr'><strong>muui</strong></span> <span class='ocrx_word' id='word_1_265' title='bbox 271 3504 380 3545; x_wconf 73' lang='lat' dir='ltr'><strong>amaneu</strong></span> <span class='ocrx_word' id='word_1_266' title='bbox 401 3488 516 3544; x_wconf 80' lang='lat' dir='ltr'><strong>omnium</strong></span> <span class='ocrx_word' id='word_1_267' title='bbox 537 3489 686 3561; x_wconf 70' lang='lat' dir='ltr'><strong>principum</strong></span> <span class='ocrx_word' id='word_1_268' title='bbox 712 3489 818 3562; x_wconf 78' lang='lat' dir='ltr'><strong>inperii</strong></span> <span class='ocrx_word' id='word_1_269' title='bbox 836 3490 978 3563; x_wconf 88' lang='lat' dir='ltr'><strong>imperium</strong></span> <span class='ocrx_word' id='word_1_270' title='bbox 998 3491 1032 3545; x_wconf 90' lang='lat' dir='ltr'><strong>ad</strong></span> <span class='ocrx_word' id='word_1_271' title='bbox 1052 3491 1206 3563; x_wconf 84' lang='lat' dir='ltr'><strong>proximum</strong></span> <span class='ocrx_word' id='word_1_272' title='bbox 1226 3494 1312 3549; x_wconf 78' lang='lat' dir='ltr'><strong>berc·</strong></span> 
     </span>
     <span class='ocr_line' id='line_1_33' title="bbox 179 3582 1313 3654; baseline 0.004 -16"><span class='ocrx_word' id='word_1_273' title='bbox 179 3584 239 3639; x_wconf 82' lang='lat' dir='ltr'><strong>dem</strong></span> <span class='ocrx_word' id='word_1_274' title='bbox 258 3583 335 3654; x_wconf 90' lang='lat' dir='ltr'><strong>qnasi</strong></span> <span class='ocrx_word' id='word_1_275' title='bbox 354 3582 520 3639; x_wconf 81' lang='lat' dir='ltr'><strong>hereditario</strong></span> <span class='ocrx_word' id='word_1_276' title='bbox 536 3583 599 3653; x_wconf 88' lang='lat' dir='ltr'><strong>jure</strong></span> <span class='ocrx_word' id='word_1_277' title='bbox 618 3584 746 3639; x_wconf 74' lang='lat' dir='ltr'><strong>transiret</strong></span> <span class='ocrx_word' id='word_1_278' title='bbox 765 3590 793 3638; x_wconf 90' lang='lat' dir='ltr'><strong>et</strong></span> <span class='ocrx_word' id='word_1_279' title='bbox 815 3584 849 3639; x_wconf 91' lang='lat' dir='ltr'><strong>ed</strong></span> <span class='ocrx_word' id='word_1_280' title='bbox 875 3584 928 3640; x_wconf 86' lang='lat' dir='ltr'><strong>boo</strong></span> <span class='ocrx_word' id='word_1_281' title='bbox 953 3585 1081 3641; x_wconf 85' lang='lat' dir='ltr'><strong>iuducere</strong></span> <span class='ocrx_word' id='word_1_282' title='bbox 1101 3587 1221 3642; x_wconf 83' lang='lat' dir='ltr'><strong>omnium</strong></span> <span class='ocrx_word' id='word_1_283' title='bbox 1241 3603 1313 3643; x_wconf 89' lang='lat' dir='ltr'><strong>con-</strong></span> 
     </span>
     <span class='ocr_line' id='line_1_34' title="bbox 179 3677 1312 3752; baseline 0.004 -19"><span class='ocrx_word' id='word_1_284' title='bbox 179 3694 283 3733; x_wconf 86' lang='lat' dir='ltr'><strong>sensum</strong></span> <span class='ocrx_word' id='word_1_285' title='bbox 303 3677 464 3749; x_wconf 88' lang='lat' dir='ltr'><strong>principum,</strong></span> <span class='ocrx_word' id='word_1_286' title='bbox 483 3686 517 3733; x_wconf 80' lang='lat' dir='ltr'><strong>nt</strong></span> <span class='ocrx_word' id='word_1_287' title='bbox 537 3678 667 3734; x_wconf 77' lang='lat' dir='ltr'><strong>electioni</strong></span> <span class='ocrx_word' id='word_1_288' title='bbox 686 3682 769 3749; x_wconf 88' lang='lat' dir='ltr'><strong>(quae</strong></span> <span class='ocrx_word' id='word_1_289' title='bbox 788 3695 894 3752; x_wconf 87' lang='lat' dir='ltr'><strong>semper</strong></span> <span class='ocrx_word' id='word_1_290' title='bbox 915 3679 1004 3734; x_wconf 85' lang='lat' dir='ltr'><strong>babitu</strong></span> <span class='ocrx_word' id='word_1_291' title='bbox 1025 3685 1053 3734; x_wconf 91' lang='grc' dir='ltr'><strong>ει</strong></span> <span class='ocrx_word' id='word_1_292' title='bbox 1066 3679 1196 3737; x_wconf 72' lang='grc' dir='ltr'><strong>Ἰιειειᾱε</strong></span> <span class='ocrx_word' id='word_1_293' title='bbox 1217 3689 1258 3737; x_wconf 90' lang='lat' dir='ltr'><strong>est</strong></span> <span class='ocrx_word' id='word_1_294' title='bbox 1276 3682 1312 3737; x_wconf 91' lang='lat' dir='ltr'><strong>de</strong></span> 
     </span>
     <span class='ocr_line' id='line_1_35' title="bbox 178 3771 1310 3849; baseline 0.004 -22"><span class='ocrx_word' id='word_1_295' title='bbox 178 3771 359 3827; x_wconf 85' lang='lat' dir='ltr'><strong>substituenda</strong></span> <span class='ocrx_word' id='word_1_296' title='bbox 384 3771 487 3829; x_wconf 88' lang='lat' dir='ltr'><strong>romani</strong></span> <span class='ocrx_word' id='word_1_297' title='bbox 506 3772 673 3845; x_wconf 77' lang='lat' dir='ltr'><strong>principatus</strong></span> <span class='ocrx_word' id='word_1_298' title='bbox 698 3772 843 3843; x_wconf 74' lang='lat' dir='ltr'><strong>dignitate)</strong></span> <span class='ocrx_word' id='word_1_299' title='bbox 867 3773 1060 3842; x_wconf 81' lang='lat' dir='ltr'><strong>intenderent,</strong></span> <span class='ocrx_word' id='word_1_300' title='bbox 1086 3775 1210 3847; x_wconf 79' lang='lat' dir='ltr'><strong>[suppiez</strong></span> <span class='ocrx_word' id='word_1_301' title='bbox 1231 3776 1310 3849; x_wconf 79' lang='lat' dir='ltr'><strong>quin}</strong></span> 
     </span>
     <span class='ocr_line' id='line_1_36' title="bbox 180 3863 1312 3942; baseline 0.005 -23"><span class='ocrx_word' id='word_1_302' title='bbox 180 3865 301 3922; x_wconf 78' lang='lat' dir='ltr'><strong>Senones</strong></span> <span class='ocrx_word' id='word_1_303' title='bbox 315 3863 375 3921; x_wconf 86' lang='lat' dir='ltr'><strong>eliis</strong></span> <span class='ocrx_word' id='word_1_304' title='bbox 390 3866 594 3922; x_wconf 88' lang='lat' dir='ltr'><strong>assentientibus</strong></span> <span class='ocrx_word' id='word_1_305' title='bbox 606 3867 837 3939; x_wconf 84' lang='lat' dir='ltr'><strong>contradixerunt,</strong></span> <span class='ocrx_word' id='word_1_306' title='bbox 857 3874 885 3922; x_wconf 89' lang='lat' dir='ltr'><strong>et</strong></span> <span class='ocrx_word' id='word_1_307' title='bbox 898 3868 964 3924; x_wconf 89' lang='lat' dir='ltr'><strong>licet</strong></span> <span class='ocrx_word' id='word_1_308' title='bbox 976 3875 1067 3924; x_wconf 87' lang='lat' dir='ltr'><strong>terres</strong></span> <span class='ocrx_word' id='word_1_309' title='bbox 1076 3869 1186 3925; x_wconf 83' lang='lat' dir='ltr'><strong>noviter</strong></span> <span class='ocrx_word' id='word_1_310' title='bbox 1199 3871 1312 3942; x_wconf 70' lang='lat' dir='ltr'><strong>adeptus</strong></span> 
     </span>
     <span class='ocr_line' id='line_1_37' title="bbox 180 3960 1311 4035; baseline 0.007 -22"><span class='ocrx_word' id='word_1_311' title='bbox 180 3965 208 4014; x_wconf 87' lang='lat' dir='ltr'><strong>et</strong></span> <span class='ocrx_word' id='word_1_312' title='bbox 226 3975 310 4030; x_wconf 85' lang='lat' dir='ltr'><strong>saepe</strong></span> <span class='ocrx_word' id='word_1_313' title='bbox 329 3960 475 4015; x_wconf 82' lang='lat' dir='ltr'><strong>nominatas</strong></span> <span class='ocrx_word' id='word_1_314' title='bbox 500 3960 617 4032; x_wconf 86' lang='lat' dir='ltr'><strong>imperio</strong></span> <span class='ocrx_word' id='word_1_315' title='bbox 642 3961 743 4017; x_wconf 89' lang='lat' dir='ltr'><strong>addere</strong></span> <span class='ocrx_word' id='word_1_316' title='bbox 764 3961 906 4032; x_wconf 82' lang='lat' dir='ltr'><strong>uoluisset,</strong></span> <span class='ocrx_word' id='word_1_317' title='bbox 931 3979 983 4018; x_wconf 83' lang='lat' dir='ltr'><strong>nec</strong></span> <span class='ocrx_word' id='word_1_318' title='bbox 1003 3971 1097 4020; x_wconf 83' lang='lat' dir='ltr'><strong>temen</strong></span> <span class='ocrx_word' id='word_1_319' title='bbox 1112 3964 1240 4035; x_wconf 67' lang='lat' dir='ltr'><strong>perfecit</strong></span> <span class='ocrx_word' id='word_1_320' title='bbox 1258 3979 1311 4019; x_wconf 81' lang='lat' dir='ltr'><strong>nec</strong></span> 
     </span>
     <span class='ocr_line' id='line_1_38' title="bbox 180 4053 833 4127; baseline 0.006 -18"><span class='ocrx_word' id='word_1_321' title='bbox 180 4071 229 4109; x_wconf 83' lang='lat' dir='ltr'><strong>eos</strong></span> <span class='ocrx_word' id='word_1_322' title='bbox 248 4055 289 4108; x_wconf 80' lang='lat' dir='ltr'><strong>nst</strong></span> <span class='ocrx_word' id='word_1_323' title='bbox 308 4055 536 4111; x_wconf 70' lang='lat' dir='ltr'><strong>consenescente</strong></span> <span class='ocrx_word' id='word_1_324' title='bbox 553 4054 693 4111; x_wconf 68' lang='lat' dir='ltr'><strong>medeare</strong></span> <span class='ocrx_word' id='word_1_325' title='bbox 710 4053 833 4127; x_wconf 78' lang='lat' dir='ltr'><strong>potuit.”</strong></span> 
     </span>
    </p>

    <p class='ocr_par' dir='ltr' id='par_1_8' title="bbox 178 4148 1309 4413">
     <span class='ocr_line' id='line_1_39' title="bbox 255 4148 1309 4225; baseline 0.005 -22"><span class='ocrx_word' id='word_1_326' title='bbox 255 4148 317 4203; x_wconf 74' lang='lat' dir='ltr'><strong>tter</strong></span> <span class='ocrx_word' id='word_1_327' title='bbox 342 4155 430 4206; x_wconf 85' lang='lat' dir='ltr'><strong>eutem</strong></span> <span class='ocrx_word' id='word_1_328' title='bbox 454 4152 539 4217; x_wconf 86' lang='lat' dir='ltr'><strong>(euno</strong></span> <span class='ocrx_word' id='word_1_329' title='bbox 559 4148 649 4220; x_wconf 81' lang='lat' dir='ltr'><strong>rtet)</strong></span> <span class='ocrx_word' id='word_1_330' title='bbox 675 4157 744 4206; x_wconf 89' lang='lat' dir='ltr'><strong>teste</strong></span> <span class='ocrx_word' id='word_1_331' title='bbox 764 4150 889 4207; x_wconf 77' lang='lat' dir='ltr'><strong>Conrado</strong></span> <span class='ocrx_word' id='word_1_332' title='bbox 912 4152 1100 4225; x_wconf 72' lang='lat' dir='ltr'><strong>urspergensi,</strong></span> <span class='ocrx_word' id='word_1_333' title='bbox 1124 4158 1309 4224; x_wconf 77' lang='lat' dir='ltr'><strong>„procurante</strong></span> 
     </span>
     <span class='ocr_line' id='line_1_40' title="bbox 178 4242 1307 4318; baseline 0.004 -20"><span class='ocrx_word' id='word_1_334' title='bbox 178 4242 343 4315; x_wconf 74' lang='lat' dir='ltr'><strong>imperatore</strong></span> <span class='ocrx_word' id='word_1_335' title='bbox 369 4242 466 4298; x_wconf 84' lang='lat' dir='ltr'><strong>iactum</strong></span> <span class='ocrx_word' id='word_1_336' title='bbox 491 4251 548 4313; x_wconf 91' lang='lat' dir='ltr'><strong>est,</strong></span> <span class='ocrx_word' id='word_1_337' title='bbox 573 4251 602 4299; x_wconf 93' lang='lat' dir='ltr'><strong>ut</strong></span> <span class='ocrx_word' id='word_1_338' title='bbox 627 4245 765 4318; x_wconf 89' lang='lat' dir='ltr'><strong>principes</strong></span> <span class='ocrx_word' id='word_1_339' title='bbox 784 4246 957 4302; x_wconf 81' lang='lat' dir='ltr'><strong>Aiemeuniee</strong></span> <span class='ocrx_word' id='word_1_340' title='bbox 981 4261 1067 4318; x_wconf 86' lang='lat' dir='ltr'><strong>peeue</strong></span> <span class='ocrx_word' id='word_1_341' title='bbox 1093 4262 1201 4318; x_wconf 83' lang='lat' dir='ltr'><strong>omnes,</strong></span> <span class='ocrx_word' id='word_1_342' title='bbox 1226 4248 1307 4302; x_wconf 78' lang='lat' dir='ltr'><strong>tilium</strong></span> 
     </span>
     <span class='ocr_line' id='line_1_41' title="bbox 178 4336 1306 4413; baseline 0.001 -20"><span class='ocrx_word' id='word_1_343' title='bbox 178 4336 318 4410; x_wconf 55' lang='lat' dir='ltr'><strong>peremto</strong></span> <span class='ocrx_word' id='word_1_344' title='bbox 338 4337 435 4412; x_wconf 88' lang='lat' dir='ltr'><strong>ipsius,</strong></span> <span class='ocrx_word' id='word_1_345' title='bbox 454 4338 541 4396; x_wconf 87' lang='lat' dir='ltr'><strong>udbue</strong></span> <span class='ocrx_word' id='word_1_346' title='bbox 560 4338 588 4394; x_wconf 91' lang='lat' dir='ltr'><strong>in</strong></span> <span class='ocrx_word' id='word_1_347' title='bbox 608 4340 683 4396; x_wconf 89' lang='lat' dir='ltr'><strong>cuuis</strong></span> <span class='ocrx_word' id='word_1_348' title='bbox 701 4339 870 4411; x_wconf 78' lang='lat' dir='ltr'><strong>vagientem,</strong></span> <span class='ocrx_word' id='word_1_349' title='bbox 887 4336 1054 4400; x_wconf 75' lang='lat' dir='ltr'><strong>assumerent</strong></span> <span class='ocrx_word' id='word_1_350' title='bbox 1073 4341 1100 4398; x_wconf 91' lang='lat' dir='ltr'><strong>io</strong></span> <span class='ocrx_word' id='word_1_351' title='bbox 1118 4357 1216 4413; x_wconf 70' lang='lat' dir='ltr'><strong>repens</strong></span> <span class='ocrx_word' id='word_1_352' title='bbox 1236 4347 1264 4398; x_wconf 87' lang='lat' dir='ltr'><strong>et</strong></span> <span class='ocrx_word' id='word_1_353' title='bbox 1282 4339 1306 4395; x_wconf 86' lang='lat' dir='ltr'><strong>ei</strong></span> 
     </span>
    </p>
   </div>
   <div class='ocr_carea' id='block_1_4' title="bbox 0 0 1366 4898">
    <p class='ocr_par' dir='ltr' id='par_1_9' title="bbox 0 0 1366 4898">
     <span class='ocr_line' id='line_1_42' title="bbox 0 0 1366 4898; baseline 0 1"><span class='ocrx_word' id='word_1_354' title='bbox 0 0 1366 4898; x_wconf 95' lang='lat' dir='ltr'><strong> </strong></span> 
     </span>
    </p>
   </div>
  </div>
 </body>
</html>
