2722 4898
544 361 780 434 „1³73-

165 539 189 597 si
207 540 262 597 iueu
283 539 373 597 eliove
394 556 447 612 quo
468 538 563 610 modo,
584 555 636 596 vo·
741 537 925 613 „Verdopelr‘t
939 537 1009 598 oder
1022 538 1075 598 der
1087 518 1158 598 sinii
1173 540 1230 600 sed-

116 638 161 693 lens
172 636 284 709 prudeus
299 634 411 691 tumulus
427 653 484 692 rem
499 635 638 708 proprium
691 635 733 692 die
754 643 813 710 qut.
834 637 906 692 oder
922 635 1016 692 utrem
1035 637 1088 692 der
1102 638 1139 694 iz.
1160 639 1231 695 oder

115 731 257 805 perdiderit,
278 730 377 787 nullum
396 730 506 786 domino
527 731 561 786 ed
579 746 638 786 eenr
690 732 720 787 ire
738 732 840 788 metirer
854 731 903 787 wis
925 731 977 788 der
992 733 1042 788 des
1058 733 1162 805 qedose't
1180 733 1232 789 mit

114 825 310 899 recuperandam
336 825 468 881 actionem
488 825 562 895 duri,
587 824 638 881 nisi
690 827 760 884 sime
782 826 879 883 utilem.
906 827 952 883 die
978 826 1064 884 deero
1079 845 1124 884 «ree
1147 828 1231 884 maele

113 922 209 978 iorsitun
224 921 312 976 minor
326 921 420 977 fuisset
436 937 541 992 servus,
562 921 637 991 cujus
690 923 729 978 da
745 920 823 977 niedt
839 921 897 993 repit
913 922 1060 992 sorderent.
1083 925 1165 991 [meret
1181 923 1234 979 der

112 1017 138 1072 ed
155 1016 285 1073 domiuum
307 1032 372 1072 oure
392 1015 553 1089 pertinebat.
689 1017 733 1079 nis
753 1017 781 1071 ἀι
796 1033 858 1091 yme
873 1016 951 1072 uiodt
963 1016 1099 1088 pliedtied
1117 1034 1153 1072 su
1169 1019 1232 1090 yel-

157 1112 279 1182 Femulo‚
306 1128 384 1183 quum
405 1109 505 1166 domini
527 1109 637 1180 negotiu
690 1113 768 1168 dene.
790 1112 821 1167 od
837 1110 911 1179 dude
931 1128 963 1169 er
983 1129 1044 1185 ymo
1063 1111 1109 1168 sin
1126 1112 1231 1168 terties

110 1212 274 1279 procuraret,
294 1207 316 1261 si
337 1206 400 1278 quid
420 1222 510 1261 rerum
530 1221 637 1260 suerum
690 1206 842 1274 desererer)
865 1206 928 1264 also
946 1223 982 1269 eu
999 1207 1025 1262 e‘s
1041 1223 1103 1280 yme
1119 1207 1231 1263 nieman

110 1303 131 1357 ri
152 1302 192 1357 rei
218 1301 310 1358 furtim
341 1301 456 1356 abietum
482 1299 578 1368 fuerit,
610 1304 638 1353 nt
686 1301 875 1374 pidedtiqoor
892 1319 929 1358 su
945 1297 1146 1371 antwerdene'l.
1166 1302 1231 1358 wirt

109 1396 225 1453 indemnis
259 1396 406 1465 habeatur,
443 1395 469 1451 in
503 1394 637 1450 dominum
690 1395 982 1469 aderyme‘sireperd
998 1397 1234 1454 odernodersin

110 1492 228 1547 actionem
255 1490 329 1560 deri,
354 1490 391 1545 ite
417 1496 504 1546 temen
532 1495 559 1545 ut
583 1489 637 1544 do·
689 1499 749 1564 qut.
764 1490 874 1561 duldede
895 1493 969 1549 oder
990 1491 1114 1562 remstede
1139 1508 1231 1566 qene-

109 1587 168 1642 nino
201 1586 279 1642 cedet
318 1585 468 1641 notionibus
504 1602 538 1640 ex
574 1568 638 1640 durii
689 1602 752 1642 men
780 1586 810 1641 in
836 1587 885 1643 des
911 1587 1016 1644 herren
1041 1588 1151 1644 diereste
1176 1603 1231 1644 une

109 1680 268 1738 iutroeiniive
295 1698 374 1738 ceusu
400 1680 451 1737 sibi
477 1686 636 1754 competen-
690 1680 887 1738 destituentes
902 1681 1004 1739 sedete.
1025 1683 1081 1738 due
1096 1689 1156 1738 meet
1171 1698 1233 1755 ymo
1304 1695 1306 1699 ·

110 1777 176 1835 tibus.
689 1775 735 1832 ste
758 1776 844 1837 derue
867 1776 976 1850 qetden
1007 1778 1047 1833 du
1076 1792 1145 1832 nore
1171 1784 1231 1832 mot

689 1887 751 1926 men
777 1870 850 1926 osred
875 1869 1076 1926 demetentes
1100 1879 1228 1928 antwur-

690 1967 752 2023 deu.
773 1981 808 2036 op
829 1963 881 2023 der
900 1966 939 2024 da
958 1965 1032 2038 epte
1052 1961 1174 2040 eluqet.''
1240 1954 1245 1959 ’

159 2064 276 2144 tepus
293 2064 366 2127 260.
396 2064 441 2126 De
456 2062 637 2144 judaeorum
883 2087 885 2094 ·

110 2165 303 2250 jureJurendo.

158 2272 202 2328 Rei
219 2269 365 2326 christiano
378 2269 636 2325 hominiuseven-
741 2270 799 2325 dent.
822 2264 885 2324 tit.
920 2268 995 2338 „Die
1022 2268 1148 2325 dedente
1174 2277 1233 2325 mut

114 2364 171 2422 ditue
195 2372 289 2422 sueton
309 2364 426 2420 indueus
451 2381 485 2420 en
509 2365 636 2420 christie-
691 2364 829 2422 teredenis
864 2364 975 2420 mortuis
1011 2381 1121 2437 querere
1154 2364 1232 2419 reiciet

114 2474 191 2516 norum
210 2460 344 2516 hominum
364 2458 469 2530 legibus
490 2459 542 2515 siet.
691 2460 744 2517 sin.
776 2459 828 2514 der
852 2477 888 2516 ete
913 2460 989 2515 welle
1012 2460 1179 2515 ontwordeu
1203 2459 1234 2514 in

692 2556 840 2611 tererem
860 2554 970 2610 mannis
990 2548 1087 2610 stod.''

158 2650 288 2714 iudaeus
311 2650 358 2712 rei
381 2668 450 2713 enm
471 2650 637 2712 christiano

116 2749 217 2817 homine
241 2760 348 2838 gestae
371 2761 433 2815 tres
456 2753 638 2816 christianos

116 2852 234 2921 honines
246 2865 341 2920 testes
350 2857 474 2935 habeet3
487 2875 639 2937 nunquam

116 2960 179 3024 euin
198 2960 340 3025 Judeei
362 2960 636 3043 jusjurandum

118 3059 251 3128 christiani
278 3064 409 3128 hominis
436 3064 517 3128 dioto
541 3063 640 3146 mejo-

117 3168 167 3230 ren
187 3168 300 3232 hebere
321 3169 420 3231 fidem.

162 3270 286 3328 Convinoi
312 3272 441 3327 Judaeum
471 3287 524 3328 non
551 3288 640 3345 posse,

117 3360 157 3420 nisi
168 3383 230 3424 unus
245 3367 338 3424 saltem
352 3367 458 3431 testium
468 3367 585 3423 Judaeus
600 3366 641 3422 sit.

162 3463 337 3520 Romanorum
367 3479 463 3535 regum
494 3462 641 3536 privilegio

116 3548 157 3610 hoe
173 3558 288 3616 indueus
308 3564 444 3615 assecutos
466 3574 532 3615 esse.

162 3652 340 3726 Quodcunque
367 3655 437 3727 juris
467 3658 510 3708 eut
536 3651 642 3707 heneti-
786 3721 789 3725 ⁴

117 3740 204 3805 tiorum
218 3750 328 3808 Judueis
349 3765 503 3806 eoncessum
524 3747 567 3818 sit,
588 3748 641 3802 inr-
750 3773 752 3778 2

116 3844 234 3905 petentum
258 3847 312 3901 hoe
338 3844 403 3918 ipsis
430 3860 489 3901 esse
514 3860 563 3916 per
588 3843 640 3898 Jo-

117 3936 225 4013 septum,
255 3942 290 3996 oh
317 3955 411 4012 regem
436 3939 521 3995 Titum
549 3938 639 4006 (coni.

118 4037 184 4102 tiput
202 4036 283 4105 261).
405 4036 409 4042 '

121 4177 281 4200 x».-.
291 4193 310 4198 -a

183 4291 211 4363 i)
232 4294 338 4352 Latinus
358 4293 492 4367 interpres
509 4292 590 4349 vertit
610 4292 695 4364 „iicet
715 4291 812 4348 demuto
833 4307 879 4348 sua
896 4290 990 4348 domne
1010 4288 1144 4347 reserriee
1161 4305 1232 4360 pro-

118 4379 241 4448 miseren*
