2722 4898
556 394 599 410 -
645 360 792 430 itt-⁴-

163 534 248 608 Cepta
264 531 374 591 civitate
386 534 534 593 Jerusalem
550 552 650 611 super-

110 630 216 687 stitibus
235 628 400 686 ludaeorum
423 631 549 688 alimenta
568 632 655 692 Joset

110 726 190 799 pbum
210 725 373 799 praebuisse.

161 821 213 876 'der
230 821 369 892 octoginta
388 819 472 877 millia
486 820 652 880 ludaeorum

110 914 179 970 intra
199 915 304 971 moenia
324 915 415 986 luisse,
438 933 517 987 quum
538 918 672 973 obside--

110 1016 185 1067 retur
215 1011 311 1066 civitas
338 1010 506 1082 Jerusalem,
539 1028 651 1084 quorum

110 1122 248 1179 unapars
274 1106 344 1161 lame
368 1112 538 1180 consumpta,
564 1108 650 1163 altera

110 1201 216 1272 occisa,
241 1199 322 1256 tertia
344 1217 406 1274 pars
425 1219 441 1258 a
461 1202 580 1274 dosepbo
601 1218 650 1258 su-

108 1296 319 1367 stentata‚<urbc
338 1310 406 1352 vero
427 1303 581 1370 expugnata
600 1298 652 1355 sub

109 1392 211 1449 hastam
235 1391 318 1450 missa
347 1391 396 1462 sit,
432 1391 469 1448 ita
499 1397 528 1447 ut
557 1408 650 1449 eorum

108 1487 212 1542 treceni
232 1501 338 1542 nummo
354 1502 409 1543 uno
423 1486 650 1544 venundarentur.
730 1516 733 1519 Δ

110 1582 243 1651 Quosdam
262 1581 349 1637 Titum
368 1597 463 1654 regem
486 1583 651 1655 mancipasse

109 1677 237 1751 principis
258 1678 380 1749 aerario,
405 1678 475 1734 unde
499 1678 572 1734 servi
596 1678 650 1733 im·

108 1773 179 1845 perii
199 1779 226 1829 et
245 1774 293 1830 sub
314 1773 390 1847 regis
408 1773 492 1832 tulela
512 1773 653 1830 constituti

108 1868 266 1926 habeantur.

168 1965 197 2022 Si
217 1964 335 2021 ludaeos
361 1964 533 2021 christianum
557 1965 649 2022 bomi-

109 2077 169 2117 nem
192 2060 352 2118 verberibus
380 2067 425 2116 aut
449 2061 502 2116 alia
526 2078 649 2134 quacun-

110 2173 161 2228 que
180 2155 278 2226 injurio
296 2155 405 2226 alliciat,
423 2171 524 2228 poenas
545 2174 606 2213 eum
622 2163 651 2212 ut

111 2250 280 2306 christianum
310 2250 380 2322 pall,
410 2257 551 2322 negantem
580 2268 649 2308 uero

110 2344 320 2409 convincendum
355 2359 414 2400 esse
447 2345 567 2402 adhibito
597 2362 650 2402 uno

109 2441 204 2496 saltem
217 2446 286 2496 teste
298 2439 414 2510 ludam,
434 2440 457 2495 si
473 2441 567 2497 baberi
583 2456 650 2514 pos-

111 2535 160 2607 sit,
183 2534 224 2591 sin
244 2551 320 2591 secus
344 2535 467 2592 sufficere
484 2535 650 2593 christiano-

109 2647 170 2687 rum
193 2636 295 2687 tantum
321 2631 455 2688 bominum
480 2630 649 2701 testimonia3

109 2743 160 2783 nec
174 2726 312 2801 pertinere
333 2743 391 2782 eam
411 2727 533 2798 regulam
554 2727 587 2782 ad
604 2727 649 2782 in-

107 2821 205 2893 juriam
225 2821 334 2877 Judeeis
355 2816 463 2877 illatam.

166 2917 286 2988 Denique
302 2917 322 2972 si
338 2917 496 2972 christianus
506 2916 586 2972 bomo
597 2917 649 2972 Ju-

111 3011 205 3067 daeum
224 3011 383 3066 verberibus
403 3011 519 3083 alliciat,
540 3012 650 3068 eandem

110 3105 229 3161 incidere
249 3121 362 3178 poenam
379 3122 410 3161 ac
431 3105 453 3161 si
474 3107 500 3161 in
520 3106 650 3162 christia-

109 3217 172 3257 num
186 3201 320 3256 bominem
337 3200 501 3272 deliquisset,
520 3201 651 3272 siquidem

110 3297 136 3353 in
150 3296 224 3369 pacis
240 3313 304 3352 suae
320 3295 519 3369 protectionem
532 3294 650 3352 ludaeos

109 3408 160 3448 rex
180 3391 326 3465 receperit.

167 3486 292 3558 iujuriam
317 3486 340 3541 si
369 3493 451 3557 neget
480 3486 652 3556 christianus,

110 3581 258 3637 christianis
279 3586 379 3636 tantum
399 3581 512 3637 testibus
528 3581 651 3637 convinci

110 3692 170 3731 eum
189 3692 285 3748 posse,
313 3677 411 3733 nemini
432 3677 500 3732 enim
522 3675 650 3732 christia-

109 3787 203 3826 norum
224 3771 318 3826 obesse
339 3771 435 3827 dodaci
456 3771 649 3843 jusjurandum.

750 1964 841 2035 „stetu
854 1965 899 2022 die
912 1964 978 2023 ioue
991 1982 1079 2038 epceo
1092 1967 1244 2024 dierstenses

702 2077 775 2116 mco.
803 2062 875 2117 oder
894 2059 964 2118 derb
988 2060 1040 2115 ber
1064 2078 1127 2134 ymo
1152 2078 1243 2135 cape-

702 2155 800 2212 re'cbte.
816 2157 855 2211 de
867 2155 919 2211 ber
930 2157 1010 2212 mede
1020 2155 1162 2229 depriffert
1171 2157 1243 2213 sciri.

701 2267 765 2308 mea
779 2250 882 2309 ricbtel
897 2249 968 2307 aber
982 2251 1045 2308 tene
1055 2245 1121 2308 -.'’

750 2945 809 2986 ,‚-
824 2900 915 2975 durcb
929 2918 979 2973 des
994 2902 1131 2990 buninpcs
1147 2919 1244 2975 crede.

703 3011 758 3067 den
770 3011 822 3068 ber
837 3027 875 3067 cn
891 3028 938 3084 pm
949 3010 1111 3085 pebrocbea
1124 3007 1196 3070 bot’'
1208 3016 1244 3082 ¹).

188 4001 218 4071 1)
238 4004 291 4059 Pro
311 4018 387 4060 more
407 4004 610 4062 obdormiscens
630 4005 676 4061 hic
692 4004 902 4078 deprehenditur
916 4005 1075 4079 plagiarius,
1094 4007 1122 4064 in
1135 4009 1244 4065 delectu

110 4097 232 4155 bavarioi
257 4097 321 4153 libri
346 4099 469 4155 faciendo
495 4101 586 4173 inepte
612 4101 645 4156 ad
671 4101 795 4173 injuriam
815 4100 961 4157 christiano
981 4102 1119 4158 hominia
1139 4102 1244 4159 dudaeo

111 4193 199 4249 datam
224 4193 348 4265 trahens,
378 4212 445 4267 quae
475 4195 691 4268 imperitissimus
717 4197 827 4268 quisque
857 4195 1024 4268 intelligeret
1051 4196 1084 4265 ad
1109 4198 1243 4254 inversam

110 4287 249 4362 pertinere
272 4289 405 4362 speciem,
429 4289 528 4350 leesem
548 4291 653 4349 scilicet
672 4291 699 4348 in
719 4290 815 4349 ludaei
834 4306 951 4365 persona
971 4290 1068 4365 regiae
1087 4293 1243 4366 protectio-

110 4383 151 4441 nis
170 4399 274 4460 paoem.
