2722 4898
558 353 794 419 ..245-

111 524 303 591 elesiasticos
330 525 498 609 principes3
528 527 652 608 episco-
704 526 839 599 trire1).
871 524 923 588 die
955 523 1073 589 eadm
1101 525 1154 589 die
1188 527 1240 591 bi-

109 649 182 711 pum
219 630 499 713 maguntinensem,
536 630 651 711 imperii
703 629 819 710 schoph
833 647 894 692 oon
908 648 1059 710 mayenne.
1078 629 1131 693 die
1145 628 1242 695 anso

109 750 169 813 per
203 729 393 795 Germaniam
427 733 651 811 cancellarium,
705 732 755 793 die
778 731 927 812 bischopb
949 750 1010 796 oea
1033 733 1151 795 colae.’'

111 853 132 897 a
166 853 227 915 quo
263 836 390 917 primum
423 836 580 900 ferendum
614 835 653 899 sit

111 937 310 1022 suffragium,
347 938 521 1020 episcopum
554 939 652 1001 trevi-

111 1057 235 1105 rensem
258 1048 288 1104 et
311 1040 528 1106 coloniensem.

166 1145 250 1206 Inter
266 1144 362 1207 iaicas
385 1150 484 1207 autem
501 1143 652 1225 principes
757 1144 887 1219 ,‚Undcr
919 1143 980 1206 dea
1013 1145 1091 1207 leden
1122 1145 1152 1207 is
1184 1143 1244 1207 der

111 1246 359 1329 praerogaiivum
399 1246 512 1309 habere
550 1254 652 1309 votum
704 1254 787 1310 erate
814 1248 849 1308 in
878 1247 963 1309 deme
996 1265 1068 1310 core
1097 1247 1154 1310 der
1176 1266 1242 1329 po-

112 1350 253 1414 comiiem
264 1349 362 1412 Rheni
375 1349 548 1430 palatinum,
563 1349 652 1433 regni
704 1351 869 1430 loaapreoe
888 1369 998 1412 ooame
1017 1351 1095 1413 rinc.
1119 1350 1175 1412 des
1192 1351 1242 1413 ri-

113 1452 299 1535 dapiierum,
329 1452 415 1534 cujus
445 1450 575 1514 officium
603 1453 653 1531 sii,
706 1453 777 1515 ebes
808 1453 927 1516 drusae.
962 1453 1013 1514 die
1046 1452 1164 1515 endere
1191 1452 1243 1515 dis

111 1564 146 1619 ut
175 1556 205 1618 in
234 1554 441 1619 coronationis
465 1554 512 1617 die
542 1554 652 1635 primas
704 1553 889 1618 monachalis.
927 1554 984 1616 der
1016 1554 1148 1636 beraoqe
1181 1573 1243 1618 eoa

112 1659 182 1740 regi
208 1659 301 1740 dapes
332 1657 440 1721 offerat
446 1679 455 1736 3
485 1657 652 1720 secundum
704 1676 825 1720 sussen.
858 1656 909 1718 die
938 1656 1034 1717 dritta
1062 1656 1113 1718 die
1140 1656 1243 1719 heme-

113 1763 252 1825 obtinere
284 1762 385 1825 locum
419 1761 566 1824 saxoniae
593 1760 654 1822 du·
704 1780 784 1824 rere.
801 1760 858 1823 der
871 1757 1050 1839 morbpreoo
1065 1777 1126 1820 eon
1142 1759 1243 1821 braa-

114 1882 192 1944 cem,
213 1864 348 1945 equilum
364 1864 452 1947 regni
466 1864 653 1947 magistrum,
704 1862 874 1929 desburch.
898 1862 958 1925 Dic
973 1860 1104 1924 sebeniae
1120 1861 1176 1924 des
1190 1862 1242 1923 ri·

114 1968 167 2047 qui
178 1967 310 2049 gladium
325 1968 392 2049 regi
406 1965 571 2047 praeferat,
585 1973 652 2029 ter·
705 1968 778 2030 ebes
806 1965 863 2029 der
884 1964 1000 2044 hunino
1027 1982 1091 2028 aaa
1120 1965 1243 2028 haemon

114 2071 186 2132 tium
211 2070 415 2133 marchionem
437 2069 653 2133 brandenbur·
705 2067 1131 2133 dernebotaiehenencore.
1144 2066 1245 2130 durch

113 2173 237 2254 gicnm,
276 2174 355 2257 regii
392 2172 522 2235 cubiculi
559 2190 654 2252 prae·
706 2173 768 2235 dea
781 2171 919 2234 hernicis
933 2169 1065 2233 dadisch
1079 2171 1140 2234 aia.
1158 2170 1244 2246 [Sint

114 2274 247 2354 fectum,
286 2275 337 2354 qui
374 2292 481 2355 aquam
516 2262 653 2336 manibus
705 2295 741 2338 so
770 2275 874 2337 bieaon
904 2272 959 2335 des
986 2273 1090 2335 niobes
1116 2280 1244 2336 aoraton

113 2377 252 2440 lavandis
267 2376 411 2458 praebeat
417 2399 425 2456 3
443 2384 581 2457 quarium
594 2376 653 2437 im·
706 2380 774 2441 olle.
794 2376 902 2459 possen
917 2376 999 2438 ande
1014 2376 1102 2438 loica.
1130 2375 1191 2438 Die
1205 2394 1244 2438 aa

114 2481 193 2561 perii
216 2481 410 2560 pincernam,
440 2480 491 2560 qni
513 2479 653 2560 poculum
706 2481 791 2543 deme
809 2486 913 2542 ersten
932 2499 973 2543 on
992 2480 1077 2541 deme
1094 2498 1167 2541 ecre
1185 2478 1243 2542 be-

114 2584 183 2666 regi
205 2583 421 2647 subministret.
705 2590 784 2646 noant
812 2583 862 2645 sia
889 2583 939 2644 die
967 2601 1006 2644 ne
1033 2582 1130 2644 sollen
1158 2578 1246 2643 nicht

169 2685 232 2749 Hos
256 2704 361 2750 ornnes
381 2693 511 2766 quatuor
533 2685 655 2748 eiecto·
705 2686 811 2748 diesen
843 2684 927 2747 noch
960 2685 1037 2748 inme
1069 2684 1245 2747 motacillae.

113 2806 166 2852 res
182 2807 375 2869 summosque
393 2789 483 2871 regni
501 2788 654 2851 ministros
705 2809 772 2852 soen
797 2787 873 2849 dene
896 2787 947 2849 die
974 2793 1102 2849 aoraton
1124 2785 1184 2849 olle
1205 2804 1245 2848 aa

115 2899 260 2973 oportere
296 2892 491 2976 germanicae
526 2891 654 2976 originis
705 2892 838 2972 bunione
863 2891 982 2953 inmolet
1006 2890 1066 2953 den
1091 2886 1189 2951 sellan
1209 2907 1245 2949 se

114 3012 195 3073 esse,
218 2995 277 3057 nisi
296 3014 337 3060 ex
355 3003 484 3076 utroque
500 3014 541 3057 ex
560 2994 655 3057 aher-
707 2995 850 3058 alienarat
873 2993 906 3056 bi
926 3012 1037 3055 nornen
1057 2991 1194 3055 bieaen.”

114 3105 183 3160 uiro
207 3097 314 3160 saliem
335 3099 549 3181 parentum2).

117 3236 320 3243 *mm—-

195 3303 225 3373 1)
245 3303 275 3359 lu
285 3302 404 3376 lipsiensi
415 3303 511 3359 codice
521 3303 682 3376 primoloeo
692 3303 816 3375 ponitur:
828 3296 1243 3372 „derbisehoi'voamepenae”

192 3398 225 3466 2)
245 3397 363 3471 Uterque
383 3398 427 3452 hio
448 3397 624 3469 gravissimus
644 3404 697 3453 tam
718 3396 839 3452 saxonici
854 3411 932 3467 quam
950 3395 1073 3451 bavarioi
1087 3395 1152 3452 libri
1167 3394 1247 3451 locus

115 3492 206 3563 nequii
226 3491 341 3563 scriptus
361 3508 421 3547 esse
441 3498 502 3547 aute
522 3491 695 3563 imperatoris
715 3490 819 3547 hudoifi
839 3490 918 3561 primi
937 3505 1042 3545 aevum.

192 3584 380 3656 Antiquissima
400 3585 469 3641 enim
489 3601 542 3641 uon
562 3591 684 3657 suspecta
705 3585 805 3641 mentio
825 3589 927 3657 sepiem
943 3583 1105 3655 principum,
1124 3581 1158 3638 ad
1178 3591 1248 3655 qnod.

117 3681 189 3735 solos
217 3685 321 3752 spectet
346 3680 446 3735 electio
471 3680 560 3750 regis,
586 3678 794 3752 deprehenditur
819 3679 846 3734 in
872 3676 1004 3750 pontificis
1029 3676 1131 3733 Urbani
1154 3677 1244 3749 qumi

118 3773 231 3846 epistola
251 3774 292 3830 'ad
317 3773 493 3844 bichardum
518 3774 670 3830 cornubiae
696 3773 837 3843 comitem,
862 3770 971 3827 henrici
997 3770 1070 3843 regis
1093 3771 1243 3839 Angiorum

117 3868 243 3938 tratrem,
263 3883 329 3938 qua,
356 3867 390 3923 ad
411 3868 579 3941 apostolicae
603 3866 674 3924 sedis
700 3867 814 3923 arbitrio
835 3866 925 3922 delato
946 3863 1048 3921 dissidii
1068 3864 1138 3920 iader·
1158 3863 1244 3937 ipsum

118 3961 278 4017 bichardum
307 3968 334 4017 et
359 3962 526 4035 Alphonsum
553 3962 679 4019 castiliae
704 3968 731 4017 et
756 3960 851 4016 Leonis
876 3973 969 4030 regem
995 3959 1029 4014 de
1054 3957 1193 4030 utriusque
1216 3957 1243 4013 iu

119 4071 288 4112 romanorum
308 4073 401 4126 regem
421 4056 491 4113 facia
512 4057 644 4114 electione
663 4073 714 4129 per
734 4056 869 4128 principes
893 4053 920 4109 iu
941 4053 1061 4109 diversas
1080 4056 1171 4125 paries
1191 4052 1244 4106 ab·

121 4157 227 4223 enaim,
251 4151 361 4207 uberius
387 4151 498 4223 exponit
522 4157 678 4223 argumenta
699 4167 749 4223 per·
769 4150 908 4221 utriusque
927 4147 1008 4205 electi
1029 4152 1153 4205 oratores
1173 4159 1243 4218 pro·-

120 4246 205 4318 posita
227 4245 392 4315 (haynaidus
412 4244 447 4300 ad
466 4245 737 4317 ann.1263;u.111‚
756 4260 783 4317 p.
800 4243 878 4312 116).

195 4341 258 4400 Alia
276 4357 345 4401 uero
370 4339 531 4399 eiectionem
555 4341 627 4399 ratio
651 4338 716 4399 oiim
740 4345 814 4413 erat,
839 4353 926 4412 eoque
946 4336 1008 4413 ipso
1027 4343 1167 4412 tempore,
1190 4348 1244 4410 quo
