2714 4898
633 358 850 424 ..32-

766 538 878 607 paterne
904 533 1056 590 hereditate
1081 550 1134 590 non
1160 534 1306 591 excludere

766 645 898 686 sororem.

823 725 849 780 2.
880 725 964 794 „Voo
984 725 1034 780 des
1051 725 1129 796 papb
1148 726 1225 798 podo
1239 720 1306 780 -.”

766 819 865 875 Clerici
886 819 1004 874 deioucti
1025 820 1095 874 bone
1119 819 1154 875 nd
1174 823 1232 893 ejus
1253 821 1305 876 ire-

766 912 846 969 redes
866 913 1018 986 pertinere,
1039 912 1111 969 nuile
1132 913 1307 970 immobilium

767 1008 957 1080 mobiliumqee
1001 1023 1092 1063 rerum
1135 1008 1307 1066 distinctione

767 1103 844 1159 iectu.

824 1197 951 1269 Sequitur
973 1197 1099 1272 deinceps
1120 1198 1205 1270 iocus,
1228 1217 1308 1272 quem

766 1311 847 1367 supro
864 1293 970 1349 notavi:
991 1280 1025 1349 de
1043 1293 1144 1350 clerico
1160 1294 1196 1350 ob
1211 1294 1309 1350 eccie-

766 1389 899 1445 siasticnm
926 1387 1084 1445 beneficium
1110 1387 1144 1444 ed
1169 1389 1309 1445 mobilium

765 1487 897 1540 bonorum
915 1483 1073 1540 divisionem
1089 1498 1141 1539 non
1159 1482 1308 1540 admitten-

766 1578 817 1650 do,
843 1579 865 1634 si
889 1578 1034 1636 indotatam
1054 1578 1153 1634 babent
1172 1593 1309 1639 sororem.

240 1778 360 1862 Caput
387 1781 406 1840 5
435 1779 489 1844 iit.
512 1773 547 1843 b.'
591 1779 713 1842 tinere·
830 1777 896 1841 Art.
924 1779 944 1841 6
977 1776 1032 1841 sub
1067 1777 1166 1841 tinem.
1219 1778 1311 1856 „titt

175 1885 282 1948 diterin
303 1884 384 1946 bone
407 1883 530 1946 censeri
551 1900 713 1963 quaecun—
766 1882 923 1946 emelbeme
944 1881 1031 1962 pudo
1049 1881 1121 1943 -.”

175 2007 234 2068 que
273 1988 353 2050 bonu
396 1987 531 2049 moriens
575 1986 715 2049 habuerit

174 2090 344 2154 defunctus.

238 2195 285 2257 De
301 2211 376 2256 aere
390 2192 490 2258 ulieuo
506 2191 640 2260 defuncti
655 2194 715 2256 he·
831 2191 897 2256 Art.
914 2188 947 2254 ,7.
979 2189 1083 2266 „Scor
1099 2210 1135 2254 so
1154 2190 1214 2253 dos
1233 2209 1310 2255 cruc

175 2298 267 2361 redes
300 2297 419 2375 teneri,
454 2298 480 2360 si
495 2297 557 2359 ¹uel
585 2297 714 2360 debitam
766 2303 851 2378 npmt
878 2295 919 2357 dc
945 2295 997 2356 sot
1022 2293 1122 2356 dorob
1145 2294 1232 2357 recbt
1255 2295 1311 2357 die

175 2420 245 2465 esse
274 2384 351 2463 rem¹
373 2408 459 2464 actor
491 2407 586 2464 semet
616 2401 714 2481 septi·
766 2400 868 2462 scbnlt
888 2398 1030 2479 pelden.’'

175 2521 257 2583 mus,
290 2510 323 2566 ut
354 2504 473 2583 dicunt,
507 2504 630 2585 prober,
664 2504 713 2566 vel
824 2518 987 2575 noritur:
1014 2518 1097 2588 „aue
1122 2533 1209 2573 verne
1233 2515 1309 2573 aun

173 2607 292 2696 Qubus
321 2606 521 2690 jurisjurandi
556 2598 714 2671 comitibus
767 2630 834 2671 eruc
848 2621 970 2687 poneret
987 2625 1025 2669 on
1044 2612 1188 2668 narender
1203 2607 1308 2669 bouc.”

176 2711 322 2794 adhibitis,
340 2712 439 2793 jnret:
473 2711 569 2793 ipsum
602 2708 714 2775 defun-
823 2717 865 2772 Do
895 2715 1099 2789 probationibus
1132 2715 1311 2788 suscipiendis

175 2822 255 2879 otum
285 2832 319 2878 se
348 2815 395 2877 rei
424 2815 456 2891 ip
478 2814 626 2896 judicium
656 2813 714 2876 de·
767 2829 834 2883 quoe
860 2811 1000 2867 bavaricus
1026 2811 1094 2866 liber
1120 2811 1231 2867 exbibet
1253 2811 1308 2866 de-

176 2918 285 2982 ductae
330 2916 497 2980 debitorem
542 2917 714 2998 professum
766 2905 1217 2977 siderentnrbocquidem10003
1244 2905 1309 2962 vide

176 3039 257 3086 esse·
767 3008 854 3057 tumen
880 3018 947 3073 qnee
979 3006 1133 3072 sequentem
1158 2999 1192 3055 ud
1217 3000 1310 3057 locum

768 3096 899 3154 monendn
920 3101 1005 3152 ernnt.

239 3227 286 3290 De
315 3226 442 3290 eliorum
471 3234 569 3291 nutem
597 3227 715 3291 delictis
832 3225 897 3290 Art.
922 3223 951 3290 7.
994 3225 1106 3301 „Doce
1130 3225 1211 3288 nocb
1233 3227 1316 3309 rous

176 3332 326 3394 neminem
349 3330 456 3394 teneri.
767 3331 847 3395 nccb
867 3330 960 3411 dopel
973 3329 1078 3410 speleo
1099 3329 1129 3390 is
1145 3327 1203 3389 ber
1219 3325 1311 3392 nicbt

764 3434 936 3517 pblicbticb
957 3453 996 3495 zu
1018 3430 1177 3513 pcldeoe.”

234 3599 341 3672 Caput
353 3598 379 3654 6.
396 3597 436 3654 Ex
446 3597 617 3670 fidejussione
628 3597 716 3654 iuter-

176 3693 314 3751 cedeutem
331 3693 418 3749 teneri
427 3708 488 3768 pro
509 3693 599 3750 eiieno
615 3693 719 3764 debito,

176 3788 211 3844 itu
225 3794 314 3843 temen
329 3794 367 3859 ut,
387 3805 422 3844 ex
438 3788 492 3844 divi
507 3788 634 3844 Hadriani
652 3788 715 3862 epi-

176 3883 255 3967 simo,
275 3900 291 3939 n
310 3883 422 3955 singuiis
442 3883 650 3956 fidejussoribus,
671 3883 716 3956 qni

176 3976 305 4034 solvendo
325 3979 387 4050 sint,
406 3994 458 4036 non
479 3978 529 4036 nisi
544 3985 636 4052 portes
649 3994 716 4036 cro·

177 4072 248 4128 ditor
269 4080 351 4147 petat.

235 4184 343 4259 anut
373 4186 398 4243 7.
432 4187 556 4244 ‘Absens
585 4184 717 4258 quemod-

177 4279 283 4338 modum
310 4281 434 4355 exposito
460 4280 591 4340 cnutionis
617 4281 717 4337 inctru-

177 4381 266 4433 mento
285 4376 439 4450 fidejubent.
