<?xml version="1.0" encoding="UTF-8"?>
<!DOCTYPE html PUBLIC "-//W3C//DTD XHTML 1.0 Transitional//EN"
    "http://www.w3.org/TR/xhtml1/DTD/xhtml1-transitional.dtd">
<html xmlns="http://www.w3.org/1999/xhtml" xml:lang="en" lang="en">
 <head>
  <title>
</title>
<meta http-equiv="Content-Type" content="text/html;charset=utf-8" />
  <meta name='ocr-system' content='tesseract 3.04.00' />
  <meta name='ocr-capabilities' content='ocr_page ocr_carea ocr_par ocr_line ocrx_word'/>
</head>
<body>
  <div class='ocr_page' id='page_1' title='image "./desaxonicispecu00danigoog_0205.png"; bbox 0 0 2722 4898; ppageno 0'>
   <div class='ocr_carea' id='block_1_1' title="bbox 560 318 794 386">
    <p class='ocr_par' dir='ltr' id='par_1_1' title="bbox 560 318 794 386">
     <span class='ocr_line' id='line_1_1' title="bbox 560 318 794 386; baseline -0.013 -18"><span class='ocrx_word' id='word_1_1' title='bbox 560 318 794 386; x_wconf 59' lang='lat'>...200-</span> 
     </span>
    </p>
   </div>
   <div class='ocr_carea' id='block_1_2' title="bbox 35 491 1147 2119">
    <p class='ocr_par' dir='ltr' id='par_1_2' title="bbox 110 491 1131 682">
     <span class='ocr_line' id='line_1_2' title="bbox 113 491 1131 579; baseline -0.011 -14"><span class='ocrx_word' id='word_1_2' title='bbox 113 500 181 565; x_wconf 90' lang='lat' dir='ltr'>dam</span> <span class='ocrx_word' id='word_1_3' title='bbox 199 515 269 563; x_wconf 87' lang='lat' dir='ltr'>esse</span> <span class='ocrx_word' id='word_1_4' title='bbox 288 516 343 579; x_wconf 84' lang='lat' dir='ltr'>per</span> <span class='ocrx_word' id='word_1_5' title='bbox 361 494 571 578; x_wconf 87' lang='lat' dir='ltr'>jusjurandum</span> <span class='ocrx_word' id='word_1_6' title='bbox 591 495 651 556; x_wconf 91' lang='lat' dir='ltr'>do·</span> <span class='ocrx_word' id='word_1_7' title='bbox 702 496 758 556; x_wconf 83' lang='lat' dir='ltr'>mit</span> <span class='ocrx_word' id='word_1_8' title='bbox 780 501 878 556; x_wconf 77' lang='lat' dir='ltr'>tannen</span> <span class='ocrx_word' id='word_1_9' title='bbox 896 492 985 554; x_wconf 84' lang='lat' dir='ltr'>sinan</span> <span class='ocrx_word' id='word_1_10' title='bbox 1002 491 1131 571; x_wconf 80' lang='lat' dir='ltr'>eipencn</span> 
     </span>
     <span class='ocr_line' id='line_1_3' title="bbox 110 598 792 682; baseline -0.01 -16"><span class='ocrx_word' id='word_1_11' title='bbox 110 604 193 682; x_wconf 88' lang='lat' dir='ltr'>mini,</span> <span class='ocrx_word' id='word_1_12' title='bbox 206 601 342 665; x_wconf 89' lang='lat' dir='ltr'>adhibitis</span> <span class='ocrx_word' id='word_1_13' title='bbox 353 600 469 662; x_wconf 87' lang='lat' dir='ltr'>dnobus</span> <span class='ocrx_word' id='word_1_14' title='bbox 481 598 648 675; x_wconf 81' lang='lat' dir='ltr'>conservis,</span> <span class='ocrx_word' id='word_1_15' title='bbox 701 599 792 660; x_wconf 85' lang='lat' dir='ltr'>non.’&#39;</span> 
     </span>
    </p>

    <p class='ocr_par' dir='ltr' id='par_1_3' title="bbox 112 701 649 780">
     <span class='ocr_line' id='line_1_4' title="bbox 112 701 649 780; baseline -0.013 -11"><span class='ocrx_word' id='word_1_16' title='bbox 112 714 162 770; x_wconf 92' lang='lat' dir='ltr'>aut</span> <span class='ocrx_word' id='word_1_17' title='bbox 183 706 269 768; x_wconf 93' lang='lat' dir='ltr'>hisce</span> <span class='ocrx_word' id='word_1_18' title='bbox 291 702 507 780; x_wconf 88' lang='lat' dir='ltr'>deficientibus,</span> <span class='ocrx_word' id='word_1_19' title='bbox 533 701 649 763; x_wconf 87' lang='lat' dir='ltr'>duobus</span> 
     </span>
    </p>

    <p class='ocr_par' dir='ltr' id='par_1_4' title="bbox 111 804 648 894">
     <span class='ocr_line' id='line_1_5' title="bbox 111 804 648 894; baseline -0.015 -21"><span class='ocrx_word' id='word_1_20' title='bbox 111 809 250 894; x_wconf 84' lang='lat' dir='ltr'>cognatis</span> <span class='ocrx_word' id='word_1_21' title='bbox 283 825 344 870; x_wconf 93' lang='lat' dir='ltr'>non</span> <span class='ocrx_word' id='word_1_22' title='bbox 379 807 457 868; x_wconf 91' lang='lat' dir='ltr'>ultra</span> <span class='ocrx_word' id='word_1_23' title='bbox 491 804 648 885; x_wconf 91' lang='lat' dir='ltr'>soptimnm</span> 
     </span>
    </p>

    <p class='ocr_par' dir='ltr' id='par_1_5' title="bbox 110 909 527 994">
     <span class='ocr_line' id='line_1_6' title="bbox 110 909 527 994; baseline -0.012 -17"><span class='ocrx_word' id='word_1_24' title='bbox 110 912 237 994; x_wconf 83' lang='lat' dir='ltr'>gradum</span> <span class='ocrx_word' id='word_1_25' title='bbox 260 928 314 973; x_wconf 91' lang='lat' dir='ltr'>reo</span> <span class='ocrx_word' id='word_1_26' title='bbox 337 909 527 990; x_wconf 89' lang='lat' dir='ltr'>propinquis.</span> 
     </span>
    </p>

    <p class='ocr_par' dir='ltr' id='par_1_6' title="bbox 105 1007 1147 1400">
     <span class='ocr_line' id='line_1_7' title="bbox 167 1007 1146 1093; baseline -0.007 -17"><span class='ocrx_word' id='word_1_27' title='bbox 167 1014 279 1077; x_wconf 83' lang='lat' dir='ltr'>Contra</span> <span class='ocrx_word' id='word_1_28' title='bbox 324 1010 529 1093; x_wconf 81' lang='lat' dir='ltr'><strong>possidentem</strong></span> <span class='ocrx_word' id='word_1_29' title='bbox 572 1027 647 1072; x_wconf 89' lang='lat' dir='ltr'>vero</span> <span class='ocrx_word' id='word_1_30' title='bbox 748 1007 960 1088; x_wconf 81' lang='lat' dir='ltr'>„Spricdtene</span> <span class='ocrx_word' id='word_1_31' title='bbox 974 1007 1146 1088; x_wconf 77' lang='lat' dir='ltr'>epnander</span> 
     </span>
     <span class='ocr_line' id='line_1_8' title="bbox 110 1111 1147 1194; baseline -0.007 -13"><span class='ocrx_word' id='word_1_32' title='bbox 110 1119 192 1183; x_wconf 85' lang='lat' dir='ltr'>serni</span> <span class='ocrx_word' id='word_1_33' title='bbox 211 1116 372 1179; x_wconf 88' lang='lat' dir='ltr'>dominium</span> <span class='ocrx_word' id='word_1_34' title='bbox 389 1114 512 1194; x_wconf 90' lang='lat' dir='ltr'>probari</span> <span class='ocrx_word' id='word_1_35' title='bbox 534 1113 647 1175; x_wconf 89' lang='lat' dir='ltr'>debere</span> <span class='ocrx_word' id='word_1_36' title='bbox 701 1131 752 1173; x_wconf 85' lang='lat' dir='ltr'>an.</span> <span class='ocrx_word' id='word_1_37' title='bbox 768 1111 872 1172; x_wconf 84' lang='lat' dir='ltr'>weder</span> <span class='ocrx_word' id='word_1_38' title='bbox 883 1111 960 1189; x_wconf 87' lang='lat' dir='ltr'>dene</span> <span class='ocrx_word' id='word_1_39' title='bbox 972 1119 1035 1172; x_wconf 80' lang='lat' dir='ltr'>nant</span> <span class='ocrx_word' id='word_1_40' title='bbox 1046 1111 1102 1173; x_wconf 78' lang='lat' dir='ltr'>dar</span> <span class='ocrx_word' id='word_1_41' title='bbox 1113 1131 1147 1174; x_wconf 85' lang='lat' dir='ltr'>en</span> 
     </span>
     <span class='ocr_line' id='line_1_9' title="bbox 105 1214 1135 1303; baseline -0.008 -18"><span class='ocrx_word' id='word_1_42' title='bbox 105 1219 305 1303; x_wconf 87' lang='lat' dir='ltr'>jurejurando</span> <span class='ocrx_word' id='word_1_43' title='bbox 326 1217 447 1296; x_wconf 83' lang='lat' dir='ltr'>actoris,</span> <span class='ocrx_word' id='word_1_44' title='bbox 470 1233 573 1279; x_wconf 88' lang='lat' dir='ltr'>secum</span> <span class='ocrx_word' id='word_1_45' title='bbox 592 1217 646 1296; x_wconf 87' lang='lat' dir='ltr'>ju·</span> <span class='ocrx_word' id='word_1_46' title='bbox 700 1214 814 1275; x_wconf 74' lang='lat' dir='ltr'>haldan</span> <span class='ocrx_word' id='word_1_47' title='bbox 836 1215 891 1274; x_wconf 81' lang='lat' dir='ltr'>mit</span> <span class='ocrx_word' id='word_1_48' title='bbox 913 1214 1024 1275; x_wconf 83' lang='lat' dir='ltr'>sabone</span> <span class='ocrx_word' id='word_1_49' title='bbox 1046 1216 1135 1277; x_wconf 80' lang='lat' dir='ltr'>siner</span> 
     </span>
     <span class='ocr_line' id='line_1_10' title="bbox 109 1317 1088 1400; baseline -0.005 -15"><span class='ocrx_word' id='word_1_50' title='bbox 109 1324 242 1386; x_wconf 89' lang='lat' dir='ltr'>rantibus</span> <span class='ocrx_word' id='word_1_51' title='bbox 272 1339 328 1383; x_wconf 84' lang='lat' dir='ltr'>sex</span> <span class='ocrx_word' id='word_1_52' title='bbox 355 1319 471 1400; x_wconf 83' lang='lat' dir='ltr'>agnatis</span> <span class='ocrx_word' id='word_1_53' title='bbox 495 1320 577 1383; x_wconf 84' lang='lat' dir='ltr'>servi</span> <span class='ocrx_word' id='word_1_54' title='bbox 599 1319 647 1381; x_wconf 88' lang='lat' dir='ltr'>vel</span> <span class='ocrx_word' id='word_1_55' title='bbox 701 1317 791 1391; x_wconf 83' lang='lat' dir='ltr'>[oder</span> <span class='ocrx_word' id='word_1_56' title='bbox 809 1317 983 1397; x_wconf 77' lang='lat' dir='ltr'>wnrdofter</span> <span class='ocrx_word' id='word_1_57' title='bbox 1001 1318 1088 1391; x_wconf 86' lang='lat' dir='ltr'>inte].</span> 
     </span>
    </p>

    <p class='ocr_par' dir='ltr' id='par_1_7' title="bbox 35 1426 258 1509">
     <span class='ocr_line' id='line_1_11' title="bbox 35 1426 258 1509; baseline -0.004 -22"><span class='ocrx_word' id='word_1_58' title='bbox 35 1496 56 1509; x_wconf 45' lang='lat'>..</span> <span class='ocrx_word' id='word_1_59' title='bbox 111 1426 258 1508; x_wconf 81' lang='lat' dir='ltr'>cognatis,</span> 
     </span>
    </p>

    <p class='ocr_par' dir='ltr' id='par_1_8' title="bbox 63 1524 1147 2119">
     <span class='ocr_line' id='line_1_12' title="bbox 165 1524 1147 1598; baseline -0.001 -10"><span class='ocrx_word' id='word_1_60' title='bbox 165 1527 404 1590; x_wconf 87' lang='lat' dir='ltr'>Obtinerereum</span> <span class='ocrx_word' id='word_1_61' title='bbox 417 1527 565 1588; x_wconf 88' lang='lat' dir='ltr'>adversus</span> <span class='ocrx_word' id='word_1_62' title='bbox 578 1524 649 1586; x_wconf 88' lang='lat' dir='ltr'>vin·</span> <span class='ocrx_word' id='word_1_63' title='bbox 753 1524 867 1598; x_wconf 75' lang='lat' dir='ltr'>„Maon</span> <span class='ocrx_word' id='word_1_64' title='bbox 891 1524 967 1585; x_wconf 85' lang='lat' dir='ltr'>aber</span> <span class='ocrx_word' id='word_1_65' title='bbox 989 1526 1058 1586; x_wconf 84' lang='lat' dir='ltr'>ione</span> <span class='ocrx_word' id='word_1_66' title='bbox 1082 1525 1147 1587; x_wconf 80' lang='lat' dir='ltr'>setin</span> 
     </span>
     <span class='ocr_line' id='line_1_13' title="bbox 63 1627 1147 1710; baseline -0.003 -17"><span class='ocrx_word' id='word_1_67' title='bbox 63 1696 66 1702; x_wconf 67' lang='grc'><strong>,</strong></span> <span class='ocrx_word' id='word_1_68' title='bbox 110 1631 273 1710; x_wconf 82' lang='lat' dir='ltr'>dicantem,</span> <span class='ocrx_word' id='word_1_69' title='bbox 303 1631 329 1693; x_wconf 93' lang='lat' dir='ltr'>si</span> <span class='ocrx_word' id='word_1_70' title='bbox 355 1648 459 1692; x_wconf 91' lang='lat' dir='ltr'>secum</span> <span class='ocrx_word' id='word_1_71' title='bbox 478 1629 647 1710; x_wconf 77' lang='lat' dir='ltr'>Jnrantibns</span> <span class='ocrx_word' id='word_1_72' title='bbox 702 1627 798 1687; x_wconf 84' lang='lat' dir='ltr'>bande</span> <span class='ocrx_word' id='word_1_73' title='bbox 828 1628 914 1687; x_wconf 85' lang='lat' dir='ltr'>siner</span> <span class='ocrx_word' id='word_1_74' title='bbox 935 1646 1024 1706; x_wconf 79' lang='lat' dir='ltr'>mapa</span> <span class='ocrx_word' id='word_1_75' title='bbox 1049 1629 1100 1689; x_wconf 86' lang='lat' dir='ltr'>sin</span> <span class='ocrx_word' id='word_1_76' title='bbox 1127 1647 1147 1690; x_wconf 90' lang='lat' dir='ltr'>o</span> 
     </span>
     <span class='ocr_line' id='line_1_14' title="bbox 108 1728 1140 1815; baseline -0.004 -18"><span class='ocrx_word' id='word_1_77' title='bbox 108 1754 164 1797; x_wconf 85' lang='lat' dir='ltr'>sex</span> <span class='ocrx_word' id='word_1_78' title='bbox 193 1734 386 1815; x_wconf 81' lang='lat' dir='ltr'>propinquis,</span> <span class='ocrx_word' id='word_1_79' title='bbox 421 1751 548 1813; x_wconf 85' lang='lat' dir='ltr'>qnorum</span> <span class='ocrx_word' id='word_1_80' title='bbox 582 1738 647 1792; x_wconf 90' lang='lat' dir='ltr'>tres</span> <span class='ocrx_word' id='word_1_81' title='bbox 701 1728 860 1791; x_wconf 80' lang='lat' dir='ltr'>behaldan.</span> <span class='ocrx_word' id='word_1_82' title='bbox 881 1731 950 1792; x_wconf 86' lang='lat' dir='ltr'>dria</span> <span class='ocrx_word' id='word_1_83' title='bbox 965 1749 1025 1792; x_wconf 88' lang='lat' dir='ltr'>oon</span> <span class='ocrx_word' id='word_1_84' title='bbox 1040 1737 1140 1793; x_wconf 84' lang='lat' dir='ltr'>octar.</span> 
     </span>
     <span class='ocr_line' id='line_1_15' title="bbox 108 1833 1147 1922; baseline -0.006 -21"><span class='ocrx_word' id='word_1_85' title='bbox 108 1845 234 1922; x_wconf 81' lang='lat' dir='ltr'>agnatos</span> <span class='ocrx_word' id='word_1_86' title='bbox 256 1845 320 1899; x_wconf 91' lang='lat' dir='ltr'>tres</span> <span class='ocrx_word' id='word_1_87' title='bbox 339 1842 486 1919; x_wconf 85' lang='lat' dir='ltr'>cognatos</span> <span class='ocrx_word' id='word_1_88' title='bbox 506 1841 648 1914; x_wconf 86' lang='lat' dir='ltr'>oporteat</span> <span class='ocrx_word' id='word_1_89' title='bbox 700 1833 756 1894; x_wconf 83' lang='lat' dir='ltr'>dre</span> <span class='ocrx_word' id='word_1_90' title='bbox 778 1852 838 1895; x_wconf 88' lang='lat' dir='ltr'>oon</span> <span class='ocrx_word' id='word_1_91' title='bbox 860 1841 968 1896; x_wconf 83' lang='lat' dir='ltr'>mater.</span> <span class='ocrx_word' id='word_1_92' title='bbox 992 1833 1048 1895; x_wconf 79' lang='lat' dir='ltr'>der</span> <span class='ocrx_word' id='word_1_93' title='bbox 1067 1833 1147 1896; x_wconf 80' lang='lat' dir='ltr'>teta</span> 
     </span>
     <span class='ocr_line' id='line_1_16' title="bbox 107 1935 1147 2022; baseline -0.004 -20"><span class='ocrx_word' id='word_1_94' title='bbox 107 1958 192 2019; x_wconf 86' lang='lat' dir='ltr'>esse,</span> <span class='ocrx_word' id='word_1_95' title='bbox 217 1940 417 2022; x_wconf 77' lang='lat' dir='ltr'>JureJurando</span> <span class='ocrx_word' id='word_1_96' title='bbox 447 1944 581 2016; x_wconf 90' lang='lat' dir='ltr'>asserat,</span> <span class='ocrx_word' id='word_1_97' title='bbox 611 1954 645 1999; x_wconf 93' lang='lat' dir='ltr'>se</span> <span class='ocrx_word' id='word_1_98' title='bbox 699 1935 1147 2016; x_wconf 78' lang='lat' dir='ltr'>ori.ntndcoirlepitn&#39;rotlcrth</span> 
     </span>
     <span class='ocr_line' id='line_1_17' title="bbox 106 2039 648 2119; baseline -0.011 -12"><span class='ocrx_word' id='word_1_99' title='bbox 106 2044 156 2107; x_wconf 88' lang='lat' dir='ltr'>vel</span> <span class='ocrx_word' id='word_1_100' title='bbox 171 2043 297 2105; x_wconf 89' lang='lat' dir='ltr'>liberum</span> <span class='ocrx_word' id='word_1_101' title='bbox 310 2041 359 2105; x_wconf 93' lang='lat' dir='ltr'>vel</span> <span class='ocrx_word' id='word_1_102' title='bbox 373 2059 434 2103; x_wconf 91' lang='lat' dir='ltr'>non</span> <span class='ocrx_word' id='word_1_103' title='bbox 450 2040 573 2119; x_wconf 88' lang='lat' dir='ltr'>actoris,</span> <span class='ocrx_word' id='word_1_104' title='bbox 592 2039 648 2102; x_wconf 92' lang='lat' dir='ltr'>sed</span> 
     </span>
    </p>
   </div>
   <div class='ocr_carea' id='block_1_3' title="bbox 100 2144 1148 3732">
    <p class='ocr_par' dir='ltr' id='par_1_9' title="bbox 108 2144 544 2225">
     <span class='ocr_line' id='line_1_18' title="bbox 108 2144 544 2225; baseline 0 -17"><span class='ocrx_word' id='word_1_105' title='bbox 108 2145 257 2210; x_wconf 89' lang='lat' dir='ltr'>ecclesiae</span> <span class='ocrx_word' id='word_1_106' title='bbox 282 2144 438 2225; x_wconf 89' lang='lat' dir='ltr'>cujusdam</span> <span class='ocrx_word' id='word_1_107' title='bbox 462 2161 544 2208; x_wconf 88' lang='lat' dir='ltr'>esse.</span> 
     </span>
    </p>

    <p class='ocr_par' dir='ltr' id='par_1_10' title="bbox 689 2245 1148 2979">
     <span class='ocr_line' id='line_1_19' title="bbox 748 2245 1147 2319; baseline 0.003 -18"><span class='ocrx_word' id='word_1_108' title='bbox 748 2247 847 2315; x_wconf 78' lang='lat' dir='ltr'>„Sacer</span> <span class='ocrx_word' id='word_1_109' title='bbox 876 2245 937 2302; x_wconf 77' lang='lat' dir='ltr'>siclo</span> <span class='ocrx_word' id='word_1_110' title='bbox 966 2263 1020 2301; x_wconf 85' lang='lat' dir='ltr'>cor</span> <span class='ocrx_word' id='word_1_111' title='bbox 1047 2246 1147 2319; x_wconf 74' lang='lat' dir='ltr'>pericla</span> 
     </span>
     <span class='ocr_line' id='line_1_20' title="bbox 698 2340 1147 2414; baseline 0.004 -20"><span class='ocrx_word' id='word_1_112' title='bbox 698 2340 794 2412; x_wconf 74' lang='lat' dir='ltr'>eipene</span> <span class='ocrx_word' id='word_1_113' title='bbox 813 2340 880 2414; x_wconf 73' lang='lat' dir='ltr'>ptos.</span> <span class='ocrx_word' id='word_1_114' title='bbox 902 2341 947 2395; x_wconf 86' lang='lat' dir='ltr'>sin</span> <span class='ocrx_word' id='word_1_115' title='bbox 967 2340 1032 2395; x_wconf 83' lang='lat' dir='ltr'>erbe</span> <span class='ocrx_word' id='word_1_116' title='bbox 1053 2342 1147 2413; x_wconf 70' lang='lat' dir='ltr'>mcpr&#39;</span> 
     </span>
     <span class='ocr_line' id='line_1_21' title="bbox 697 2435 1134 2505; baseline 0.011 -19"><span class='ocrx_word' id='word_1_117' title='bbox 697 2435 927 2505; x_wconf 78' lang='lat' dir='ltr'>nooderspracden</span> <span class='ocrx_word' id='word_1_118' title='bbox 952 2435 1001 2489; x_wconf 82' lang='lat' dir='ltr'>mit</span> <span class='ocrx_word' id='word_1_119' title='bbox 1029 2435 1134 2491; x_wconf 76' lang='lat' dir='ltr'>rochia.</span> 
     </span>
     <span class='ocr_line' id='line_1_22' title="bbox 695 2527 1148 2600; baseline 0.007 -19"><span class='ocrx_word' id='word_1_120' title='bbox 695 2527 818 2600; x_wconf 79' lang='lat' dir='ltr'>droppen</span> <span class='ocrx_word' id='word_1_121' title='bbox 834 2546 868 2584; x_wconf 87' lang='lat' dir='ltr'>en</span> <span class='ocrx_word' id='word_1_122' title='bbox 885 2530 977 2584; x_wconf 82' lang='lat' dir='ltr'>moder</span> <span class='ocrx_word' id='word_1_123' title='bbox 993 2546 1031 2583; x_wconf 88' lang='lat' dir='ltr'>on</span> <span class='ocrx_word' id='word_1_124' title='bbox 1050 2529 1095 2583; x_wconf 79' lang='lat' dir='ltr'>sin</span> <span class='ocrx_word' id='word_1_125' title='bbox 1112 2545 1148 2584; x_wconf 84' lang='lat' dir='ltr'>nr</span> 
     </span>
     <span class='ocr_line' id='line_1_23' title="bbox 695 2618 1147 2681; baseline 0.011 -5"><span class='ocrx_word' id='word_1_126' title='bbox 695 2621 756 2676; x_wconf 76' lang='lat' dir='ltr'>holt</span> <span class='ocrx_word' id='word_1_127' title='bbox 776 2639 826 2678; x_wconf 85' lang='lat' dir='ltr'>ena</span> <span class='ocrx_word' id='word_1_128' title='bbox 848 2618 920 2678; x_wconf 75' lang='lat' dir='ltr'>oben</span> <span class='ocrx_word' id='word_1_129' title='bbox 939 2623 985 2678; x_wconf 82' lang='lat' dir='ltr'>dia</span> <span class='ocrx_word' id='word_1_130' title='bbox 1004 2622 1089 2678; x_wconf 71' lang='lat' dir='ltr'>darre</span> <span class='ocrx_word' id='word_1_131' title='bbox 1109 2641 1147 2681; x_wconf 84' lang='lat' dir='ltr'>nce</span> 
     </span>
     <span class='ocr_line' id='line_1_24' title="bbox 695 2716 1147 2774; baseline 0.002 -2"><span class='ocrx_word' id='word_1_132' title='bbox 695 2716 776 2772; x_wconf 87' lang='lat' dir='ltr'>sinan</span> <span class='ocrx_word' id='word_1_133' title='bbox 796 2718 854 2773; x_wconf 88' lang='lat' dir='ltr'>tod.</span> <span class='ocrx_word' id='word_1_134' title='bbox 875 2718 949 2773; x_wconf 88' lang='lat' dir='ltr'>nnda</span> <span class='ocrx_word' id='word_1_135' title='bbox 968 2717 1030 2772; x_wconf 85' lang='lat' dir='ltr'>sina</span> <span class='ocrx_word' id='word_1_136' title='bbox 1050 2717 1147 2774; x_wconf 70' lang='lat' dir='ltr'>isindm</span> 
     </span>
     <span class='ocr_line' id='line_1_25' title="bbox 694 2810 1147 2884; baseline 0.007 -19"><span class='ocrx_word' id='word_1_137' title='bbox 694 2827 726 2865; x_wconf 88' lang='lat' dir='ltr'>sa</span> <span class='ocrx_word' id='word_1_138' title='bbox 745 2812 819 2866; x_wconf 77' lang='lat' dir='ltr'>nocta</span> <span class='ocrx_word' id='word_1_139' title='bbox 839 2827 901 2884; x_wconf 73' lang='lat' dir='ltr'>pene</span> <span class='ocrx_word' id='word_1_140' title='bbox 920 2810 1010 2867; x_wconf 70' lang='lat' dir='ltr'>noret,</span> <span class='ocrx_word' id='word_1_141' title='bbox 1034 2813 1080 2868; x_wconf 81' lang='lat' dir='ltr'>dia</span> <span class='ocrx_word' id='word_1_142' title='bbox 1096 2811 1147 2868; x_wconf 78' lang='lat' dir='ltr'>iter</span> 
     </span>
     <span class='ocr_line' id='line_1_26' title="bbox 689 2902 1044 2979; baseline 0.011 -20"><span class='ocrx_word' id='word_1_143' title='bbox 689 2905 747 2959; x_wconf 62' lang='lat' dir='ltr'>¹dnn</span> <span class='ocrx_word' id='word_1_144' title='bbox 767 2905 840 2978; x_wconf 75' lang='lat' dir='ltr'>poda</span> <span class='ocrx_word' id='word_1_145' title='bbox 859 2902 995 2979; x_wconf 78' lang='lat' dir='ltr'>qawann”</span> <span class='ocrx_word' id='word_1_146' title='bbox 1008 2910 1044 2975; x_wconf 90' lang='lat'>¹).</span> 
     </span>
    </p>

    <p class='ocr_par' dir='ltr' id='par_1_11' title="bbox 100 3093 1148 3732">
     <span class='ocr_line' id='line_1_27' title="bbox 181 3093 1147 3167; baseline 0.001 -16"><span class='ocrx_word' id='word_1_147' title='bbox 181 3097 212 3162; x_wconf 89' lang='lat'>1)</span> <span class='ocrx_word' id='word_1_148' title='bbox 238 3095 341 3151; x_wconf 87' lang='lat' dir='ltr'>idest:</span> <span class='ocrx_word' id='word_1_149' title='bbox 368 3094 468 3149; x_wconf 85' lang='lat' dir='ltr'>liberos</span> <span class='ocrx_word' id='word_1_150' title='bbox 487 3093 582 3149; x_wconf 85' lang='lat' dir='ltr'>mortis</span> <span class='ocrx_word' id='word_1_151' title='bbox 602 3098 724 3164; x_wconf 90' lang='lat' dir='ltr'>tempore</span> <span class='ocrx_word' id='word_1_152' title='bbox 751 3096 798 3150; x_wconf 88' lang='lat' dir='ltr'>sub</span> <span class='ocrx_word' id='word_1_153' title='bbox 825 3096 882 3165; x_wconf 90' lang='lat' dir='ltr'>ejus</span> <span class='ocrx_word' id='word_1_154' title='bbox 904 3102 1038 3167; x_wconf 86' lang='lat' dir='ltr'>potestate</span> <span class='ocrx_word' id='word_1_155' title='bbox 1064 3097 1147 3153; x_wconf 87' lang='lat' dir='ltr'>consti</span> 
     </span>
     <span class='ocr_line' id='line_1_28' title="bbox 103 3186 1147 3263; baseline -0.001 -16"><span class='ocrx_word' id='word_1_156' title='bbox 103 3192 124 3247; x_wconf 93' lang='lat' dir='ltr'>si</span> <span class='ocrx_word' id='word_1_157' title='bbox 144 3196 208 3263; x_wconf 92' lang='lat' dir='ltr'>post</span> <span class='ocrx_word' id='word_1_158' title='bbox 227 3190 318 3245; x_wconf 85' lang='lat' dir='ltr'>initam</span> <span class='ocrx_word' id='word_1_159' title='bbox 338 3188 464 3244; x_wconf 85' lang='lat' dir='ltr'>servitem</span> <span class='ocrx_word' id='word_1_160' title='bbox 481 3186 660 3242; x_wconf 89' lang='lat' dir='ltr'>conditionem</span> <span class='ocrx_word' id='word_1_161' title='bbox 680 3190 799 3261; x_wconf 88' lang='lat' dir='ltr'>suscepti</span> <span class='ocrx_word' id='word_1_162' title='bbox 819 3190 885 3260; x_wconf 80' lang='lat' dir='ltr'>sint3</span> <span class='ocrx_word' id='word_1_163' title='bbox 907 3205 960 3245; x_wconf 93' lang='lat' dir='ltr'>non</span> <span class='ocrx_word' id='word_1_164' title='bbox 981 3196 1008 3245; x_wconf 90' lang='lat' dir='ltr'>nt</span> <span class='ocrx_word' id='word_1_165' title='bbox 1028 3191 1126 3246; x_wconf 87' lang='lat' dir='ltr'>tatinus</span> <span class='ocrx_word' id='word_1_166' title='bbox 1146 3211 1147 3245; x_wconf 73' lang='grc' dir='ltr'><strong>ς</strong></span> 
     </span>
     <span class='ocr_line' id='line_1_29' title="bbox 102 3281 1147 3359; baseline 0 -17"><span class='ocrx_word' id='word_1_167' title='bbox 102 3303 180 3359; x_wconf 73' lang='lat' dir='ltr'>presz</span> <span class='ocrx_word' id='word_1_168' title='bbox 207 3284 341 3357; x_wconf 63' lang='lat' dir='ltr'>„prolenn</span> <span class='ocrx_word' id='word_1_169' title='bbox 363 3283 389 3338; x_wconf 93' lang='lat' dir='ltr'>si</span> <span class='ocrx_word' id='word_1_170' title='bbox 410 3297 480 3338; x_wconf 89' lang='lat' dir='ltr'>enm</span> <span class='ocrx_word' id='word_1_171' title='bbox 501 3281 618 3337; x_wconf 88' lang='lat' dir='ltr'>secata</span> <span class='ocrx_word' id='word_1_172' title='bbox 638 3283 759 3351; x_wconf 76' lang='lat' dir='ltr'>tuerit3</span> <span class='ocrx_word' id='word_1_173' title='bbox 780 3290 836 3337; x_wconf 90' lang='lat' dir='ltr'>tum</span> <span class='ocrx_word' id='word_1_174' title='bbox 857 3291 889 3338; x_wconf 89' lang='lat' dir='ltr'>et</span> <span class='ocrx_word' id='word_1_175' title='bbox 909 3301 978 3340; x_wconf 89' lang='lat' dir='ltr'>eam</span> <span class='ocrx_word' id='word_1_176' title='bbox 999 3302 1077 3356; x_wconf 88' lang='lat' dir='ltr'>quam</span> <span class='ocrx_word' id='word_1_177' title='bbox 1097 3302 1147 3358; x_wconf 90' lang='lat' dir='ltr'>pos</span> 
     </span>
     <span class='ocr_line' id='line_1_30' title="bbox 100 3373 1147 3450; baseline 0 -14"><span class='ocrx_word' id='word_1_178' title='bbox 100 3381 236 3436; x_wconf 89' lang='lat' dir='ltr'>nationem</span> <span class='ocrx_word' id='word_1_179' title='bbox 256 3373 415 3450; x_wconf 74' lang='lat' dir='ltr'>genuerat.&#39;&#39;</span> <span class='ocrx_word' id='word_1_180' title='bbox 456 3376 594 3434; x_wconf 85' lang='lat' dir='ltr'>Sententia</span> <span class='ocrx_word' id='word_1_181' title='bbox 619 3377 696 3432; x_wconf 78' lang='lat' dir='ltr'>finxit</span> <span class='ocrx_word' id='word_1_182' title='bbox 721 3394 756 3432; x_wconf 84' lang='lat' dir='ltr'>ex</span> <span class='ocrx_word' id='word_1_183' title='bbox 781 3394 924 3449; x_wconf 82' lang='lat' dir='ltr'>perperam</span> <span class='ocrx_word' id='word_1_184' title='bbox 950 3379 1089 3435; x_wconf 79' lang='lat' dir='ltr'>intellecto</span> <span class='ocrx_word' id='word_1_185' title='bbox 1113 3381 1147 3436; x_wconf 86' lang='lat' dir='ltr'>ba</span> 
     </span>
     <span class='ocr_line' id='line_1_31' title="bbox 100 3470 1148 3546; baseline 0.002 -18"><span class='ocrx_word' id='word_1_186' title='bbox 100 3474 164 3530; x_wconf 87' lang='lat' dir='ltr'>libri</span> <span class='ocrx_word' id='word_1_187' title='bbox 188 3474 277 3546; x_wconf 89' lang='lat' dir='ltr'>capite</span> <span class='ocrx_word' id='word_1_188' title='bbox 298 3472 369 3531; x_wconf 80' lang='lat'><strong>292:</strong></span> <span class='ocrx_word' id='word_1_189' title='bbox 400 3470 499 3542; x_wconf 81' lang='lat' dir='ltr'>„Vnde</span> <span class='ocrx_word' id='word_1_190' title='bbox 519 3471 566 3526; x_wconf 85' lang='lat' dir='ltr'>wil</span> <span class='ocrx_word' id='word_1_191' title='bbox 588 3472 657 3527; x_wconf 90' lang='lat' dir='ltr'>ouch</span> <span class='ocrx_word' id='word_1_192' title='bbox 680 3472 737 3526; x_wconf 88' lang='lat' dir='ltr'>sich</span> <span class='ocrx_word' id='word_1_193' title='bbox 761 3472 804 3526; x_wconf 89' lang='lat' dir='ltr'>ein</span> <span class='ocrx_word' id='word_1_194' title='bbox 824 3473 884 3527; x_wconf 86' lang='lat' dir='ltr'>vrie</span> <span class='ocrx_word' id='word_1_195' title='bbox 904 3490 936 3528; x_wconf 87' lang='lat' dir='ltr'>ze</span> <span class='ocrx_word' id='word_1_196' title='bbox 958 3474 1037 3543; x_wconf 82' lang='lat' dir='ltr'>sigen</span> <span class='ocrx_word' id='word_1_197' title='bbox 1058 3475 1148 3545; x_wconf 77' lang='lat' dir='ltr'>geben</span> 
     </span>
     <span class='ocr_line' id='line_1_32' title="bbox 100 3555 1139 3640; baseline 0 -16"><span class='ocrx_word' id='word_1_198' title='bbox 100 3568 295 3640; x_wconf 83' lang='lat' dir='ltr'>verspreclrent</span> <span class='ocrx_word' id='word_1_199' title='bbox 320 3567 376 3623; x_wconf 88' lang='lat' dir='ltr'>sine</span> <span class='ocrx_word' id='word_1_200' title='bbox 402 3581 480 3636; x_wconf 73' lang='lat' dir='ltr'>mage</span> <span class='ocrx_word' id='word_1_201' title='bbox 505 3564 561 3620; x_wconf 88' lang='lat' dir='ltr'>wol</span> <span class='ocrx_word' id='word_1_202' title='bbox 585 3564 677 3621; x_wconf 83' lang='lat' dir='ltr'>boidin</span> <span class='ocrx_word' id='word_1_203' title='bbox 702 3581 755 3621; x_wconf 91' lang='lat' dir='ltr'>von</span> <span class='ocrx_word' id='word_1_204' title='bbox 782 3572 858 3622; x_wconf 89' lang='lat' dir='ltr'>vater</span> <span class='ocrx_word' id='word_1_205' title='bbox 884 3567 938 3622; x_wconf 86' lang='lat' dir='ltr'>nnd</span> <span class='ocrx_word' id='word_1_206' title='bbox 963 3584 1015 3624; x_wconf 92' lang='lat' dir='ltr'>von</span> <span class='ocrx_word' id='word_1_207' title='bbox 1041 3555 1139 3626; x_wconf 83' lang='lat' dir='ltr'>mdter.</span> 
     </span>
     <span class='ocr_line' id='line_1_33' title="bbox 101 3659 1146 3732; baseline 0.003 -15"><span class='ocrx_word' id='word_1_208' title='bbox 101 3662 173 3718; x_wconf 88' lang='lat' dir='ltr'>also</span> <span class='ocrx_word' id='word_1_209' title='bbox 189 3663 217 3718; x_wconf 88' lang='lat' dir='ltr'>si</span> <span class='ocrx_word' id='word_1_210' title='bbox 234 3664 348 3719; x_wconf 85' lang='lat' dir='ltr'>einest</span> <span class='ocrx_word' id='word_1_211' title='bbox 364 3659 474 3716; x_wconf 86' lang='lat' dir='ltr'>wider</span> <span class='ocrx_word' id='word_1_212' title='bbox 490 3659 620 3716; x_wconf 86' lang='lat' dir='ltr'>radent.</span> <span class='ocrx_word' id='word_1_213' title='bbox 642 3676 678 3716; x_wconf 91' lang='lat' dir='ltr'>so</span> <span class='ocrx_word' id='word_1_214' title='bbox 694 3677 768 3732; x_wconf 78' lang='lat' dir='ltr'>mag</span> <span class='ocrx_word' id='word_1_215' title='bbox 785 3678 821 3717; x_wconf 91' lang='lat' dir='ltr'>er</span> <span class='ocrx_word' id='word_1_216' title='bbox 837 3662 911 3717; x_wconf 89' lang='lat' dir='ltr'>sich</span> <span class='ocrx_word' id='word_1_217' title='bbox 926 3664 1057 3719; x_wconf 89' lang='lat' dir='ltr'>niemer</span> <span class='ocrx_word' id='word_1_218' title='bbox 1073 3681 1146 3720; x_wconf 82' lang='lat' dir='ltr'>aee</span> 
     </span>
    </p>
   </div>
   <div class='ocr_carea' id='block_1_4' title="bbox 97 3741 1147 4395">
    <p class='ocr_par' dir='ltr' id='par_1_12' title="bbox 97 3741 1147 4395">
     <span class='ocr_line' id='line_1_34' title="bbox 100 3741 1147 3829; baseline 0.004 -19"><span class='ocrx_word' id='word_1_219' title='bbox 100 3753 239 3826; x_wconf 76' lang='lat' dir='ltr'>geben.”</span> <span class='ocrx_word' id='word_1_220' title='bbox 274 3755 377 3811; x_wconf 82' lang='lat' dir='ltr'>Vocem</span> <span class='ocrx_word' id='word_1_221' title='bbox 397 3754 467 3810; x_wconf 88' lang='lat' dir='ltr'>enim</span> <span class='ocrx_word' id='word_1_222' title='bbox 487 3751 669 3825; x_wconf 76' lang='lat' dir='ltr'>„niemer&#39;&#39;‚</span> <span class='ocrx_word' id='word_1_223' title='bbox 694 3772 761 3826; x_wconf 88' lang='lat' dir='ltr'>qnae</span> <span class='ocrx_word' id='word_1_224' title='bbox 780 3741 913 3825; x_wconf 84' lang='lat' dir='ltr'>significat</span> <span class='ocrx_word' id='word_1_225' title='bbox 933 3759 1060 3828; x_wconf 84' lang='lat' dir='ltr'>„omnino</span> <span class='ocrx_word' id='word_1_226' title='bbox 1081 3775 1147 3829; x_wconf 79' lang='lat' dir='ltr'>nunp</span> 
     </span>
     <span class='ocr_line' id='line_1_35' title="bbox 99 3849 1147 3922; baseline 0.004 -18"><span class='ocrx_word' id='word_1_227' title='bbox 99 3849 116 3905; x_wconf 88' lang='lat' dir='ltr'>i.</span> <span class='ocrx_word' id='word_1_228' title='bbox 134 3865 156 3904; x_wconf 91' lang='lat' dir='ltr'>e.</span> <span class='ocrx_word' id='word_1_229' title='bbox 178 3865 228 3904; x_wconf 88' lang='lat' dir='ltr'>nec</span> <span class='ocrx_word' id='word_1_230' title='bbox 248 3865 316 3904; x_wconf 88' lang='lat' dir='ltr'>nnnc</span> <span class='ocrx_word' id='word_1_231' title='bbox 336 3866 386 3904; x_wconf 87' lang='lat' dir='ltr'>nec</span> <span class='ocrx_word' id='word_1_232' title='bbox 406 3854 501 3922; x_wconf 90' lang='lat' dir='ltr'>postea</span> <span class='ocrx_word' id='word_1_233' title='bbox 521 3864 645 3920; x_wconf 83' lang='lat' dir='ltr'>anquam,</span> <span class='ocrx_word' id='word_1_234' title='bbox 665 3850 804 3906; x_wconf 81' lang='lat' dir='ltr'>saxonicus</span> <span class='ocrx_word' id='word_1_235' title='bbox 825 3851 942 3922; x_wconf 90' lang='lat' dir='ltr'>scriptor</span> <span class='ocrx_word' id='word_1_236' title='bbox 963 3852 1085 3922; x_wconf 87' lang='lat' dir='ltr'>antiquae</span> <span class='ocrx_word' id='word_1_237' title='bbox 1107 3853 1147 3909; x_wconf 81' lang='lat' dir='ltr'>dit</span> 
     </span>
     <span class='ocr_line' id='line_1_36' title="bbox 99 3942 1139 4017; baseline 0.004 -20"><span class='ocrx_word' id='word_1_238' title='bbox 99 3942 239 4016; x_wconf 86' lang='lat' dir='ltr'>imperitus</span> <span class='ocrx_word' id='word_1_239' title='bbox 268 3960 303 3997; x_wconf 84' lang='lat' dir='ltr'>ax</span> <span class='ocrx_word' id='word_1_240' title='bbox 332 3943 479 3999; x_wconf 89' lang='lat' dir='ltr'>recentiori</span> <span class='ocrx_word' id='word_1_241' title='bbox 510 3960 588 4000; x_wconf 89' lang='lat' dir='ltr'>sensu</span> <span class='ocrx_word' id='word_1_242' title='bbox 621 3943 768 4015; x_wconf 85' lang='lat' dir='ltr'>explicavit</span> <span class='ocrx_word' id='word_1_243' title='bbox 798 3944 849 3999; x_wconf 91' lang='lat' dir='ltr'>sihi</span> <span class='ocrx_word' id='word_1_244' title='bbox 878 3962 1035 4017; x_wconf 80' lang='lat' dir='ltr'>„nunquam</span> <span class='ocrx_word' id='word_1_245' title='bbox 1068 3947 1139 4002; x_wconf 87' lang='lat' dir='ltr'>iter</span> 
     </span>
     <span class='ocr_line' id='line_1_37' title="bbox 99 4037 1147 4110; baseline 0.001 -18"><span class='ocrx_word' id='word_1_246' title='bbox 99 4037 169 4093; x_wconf 90' lang='lat' dir='ltr'>unde</span> <span class='ocrx_word' id='word_1_247' title='bbox 189 4038 216 4092; x_wconf 91' lang='lat' dir='ltr'>in</span> <span class='ocrx_word' id='word_1_248' title='bbox 236 4052 358 4102; x_wconf 84' lang='lat' dir='ltr'>errorem</span> <span class='ocrx_word' id='word_1_249' title='bbox 378 4038 479 4108; x_wconf 79' lang='lat' dir='ltr'>incidit,</span> <span class='ocrx_word' id='word_1_250' title='bbox 500 4054 649 4094; x_wconf 90' lang='lat' dir='ltr'>sermonem</span> <span class='ocrx_word' id='word_1_251' title='bbox 666 4054 724 4094; x_wconf 89' lang='lat' dir='ltr'>esso</span> <span class='ocrx_word' id='word_1_252' title='bbox 740 4039 773 4094; x_wconf 90' lang='lat' dir='ltr'>de</span> <span class='ocrx_word' id='word_1_253' title='bbox 794 4039 858 4096; x_wconf 91' lang='lat' dir='ltr'>inita</span> <span class='ocrx_word' id='word_1_254' title='bbox 875 4040 930 4110; x_wconf 89' lang='lat' dir='ltr'>jam</span> <span class='ocrx_word' id='word_1_255' title='bbox 951 4040 1043 4096; x_wconf 86' lang='lat' dir='ltr'>servili</span> <span class='ocrx_word' id='word_1_256' title='bbox 1060 4041 1147 4097; x_wconf 71' lang='lat' dir='ltr'>condit</span> 
     </span>
     <span class='ocr_line' id='line_1_38' title="bbox 99 4129 1147 4207; baseline 0.004 -21"><span class='ocrx_word' id='word_1_257' title='bbox 99 4139 127 4186; x_wconf 90' lang='lat' dir='ltr'>et</span> <span class='ocrx_word' id='word_1_258' title='bbox 140 4146 235 4187; x_wconf 85' lang='lat' dir='ltr'>vocem</span> <span class='ocrx_word' id='word_1_259' title='bbox 255 4129 497 4204; x_wconf 73' lang='lat' dir='ltr'>„versprechant&#39;&#39;,</span> <span class='ocrx_word' id='word_1_260' title='bbox 517 4149 585 4203; x_wconf 88' lang='lat' dir='ltr'>quaa</span> <span class='ocrx_word' id='word_1_261' title='bbox 606 4132 677 4187; x_wconf 91' lang='lat' dir='ltr'>idem</span> <span class='ocrx_word' id='word_1_262' title='bbox 696 4134 770 4188; x_wconf 83' lang='lat' dir='ltr'>vaiet</span> <span class='ocrx_word' id='word_1_263' title='bbox 790 4150 821 4189; x_wconf 90' lang='lat' dir='ltr'>ac</span> <span class='ocrx_word' id='word_1_264' title='bbox 842 4135 969 4207; x_wconf 87' lang='lat' dir='ltr'>deinceps</span> <span class='ocrx_word' id='word_1_265' title='bbox 989 4134 1097 4204; x_wconf 79' lang='lat' dir='ltr'>„wider</span> <span class='ocrx_word' id='word_1_266' title='bbox 1118 4151 1147 4190; x_wconf 88' lang='lat' dir='ltr'>re</span> 
     </span>
     <span class='ocr_line' id='line_1_39' title="bbox 97 4225 1147 4301; baseline 0.006 -21"><span class='ocrx_word' id='word_1_267' title='bbox 97 4225 325 4298; x_wconf 79' lang='lat' dir='ltr'>interpretandam</span> <span class='ocrx_word' id='word_1_268' title='bbox 339 4242 407 4296; x_wconf 82' lang='lat' dir='ltr'>osse,</span> <span class='ocrx_word' id='word_1_269' title='bbox 419 4243 471 4282; x_wconf 92' lang='lat' dir='ltr'>non</span> <span class='ocrx_word' id='word_1_270' title='bbox 486 4226 519 4282; x_wconf 93' lang='lat' dir='ltr'>de</span> <span class='ocrx_word' id='word_1_271' title='bbox 531 4227 726 4299; x_wconf 81' lang='lat' dir='ltr'>protestatione</span> <span class='ocrx_word' id='word_1_272' title='bbox 739 4229 932 4301; x_wconf 89' lang='lat' dir='ltr'>interponenda</span> <span class='ocrx_word' id='word_1_273' title='bbox 947 4229 1077 4286; x_wconf 89' lang='lat' dir='ltr'>adversus</span> <span class='ocrx_word' id='word_1_274' title='bbox 1089 4229 1147 4286; x_wconf 88' lang='lat' dir='ltr'>inea</span> 
     </span>
     <span class='ocr_line' id='line_1_40' title="bbox 98 4318 1147 4395; baseline 0.006 -18"><span class='ocrx_word' id='word_1_275' title='bbox 98 4318 266 4393; x_wconf 82' lang='lat' dir='ltr'>servitutem,</span> <span class='ocrx_word' id='word_1_276' title='bbox 285 4319 333 4378; x_wconf 89' lang='lat' dir='ltr'>sed</span> <span class='ocrx_word' id='word_1_277' title='bbox 347 4320 381 4377; x_wconf 85' lang='lat' dir='ltr'>ds</span> <span class='ocrx_word' id='word_1_278' title='bbox 394 4321 553 4380; x_wconf 84' lang='lat' dir='ltr'>rescissorio</span> <span class='ocrx_word' id='word_1_279' title='bbox 568 4321 672 4394; x_wconf 81' lang='lat' dir='ltr'>jndicio</span> <span class='ocrx_word' id='word_1_280' title='bbox 688 4337 743 4395; x_wconf 86' lang='lat' dir='ltr'>quo</span> <span class='ocrx_word' id='word_1_281' title='bbox 758 4323 871 4385; x_wconf 82' lang='lat' dir='ltr'>libertas</span> <span class='ocrx_word' id='word_1_282' title='bbox 890 4340 971 4384; x_wconf 92' lang='lat' dir='ltr'>servo</span> <span class='ocrx_word' id='word_1_283' title='bbox 988 4326 1147 4392; x_wconf 85' lang='lat' dir='ltr'>restitueret</span> 
     </span>
    </p>
   </div>
   <div class='ocr_carea' id='block_1_5' title="bbox 0 0 1366 4898">
    <p class='ocr_par' dir='ltr' id='par_1_13' title="bbox 0 0 1366 4898">
     <span class='ocr_line' id='line_1_41' title="bbox 0 0 1366 4898; baseline 0 1"><span class='ocrx_word' id='word_1_284' title='bbox 0 0 1366 4898; x_wconf 95' lang='lat' dir='ltr'> </span> 
     </span>
    </p>
   </div>
  </div>
 </body>
</html>
