2722 4898
588 336 850 417 ,-ase-

242 515 288 576 tx,
319 504 608 575 commentatiunculae
634 520 691 574 tres
717 515 834 574 insertae
860 514 932 573 notis
957 513 991 572 ad
1017 511 1204 586 bajuariorum
1229 512 1299 588 legis

320 612 425 669 titulum
444 613 468 669 11
490 616 531 686 (p.
546 612 608 682 29).

369 707 487 763 Libellus
513 707 546 763 de
577 706 745 778 cognationis
774 705 904 778 gradibus
930 704 1016 777 deque
1041 703 1241 761 hereditatibus
1266 720 1300 759 ex

319 795 459 874 sanguinis'
474 801 675 875 propinquitate
696 800 849 857 deferendis
871 803 909 869 (c.
925 799 1035 871 t-tt;
1055 817 1083 873 p.
1097 799 1198 878 291¹).

416 904 510 956 Locum
528 904 559 955 de
577 903 738 972 septuaginta
757 911 783 954 et
796 902 895 956 duobus
910 903 1015 956 testibus
1032 901 1185 955 necessariis
1204 908 1234 954 ut
1252 899 1296 952 de·

371 990 449 1042 functi
462 990 574 1042 debitum
586 989 708 1056 probetur
728 982 851 1042 adversus
868 988 990 1042 heredem
1002 997 1083 1041 ortum
1097 1004 1157 1043 esse
1172 1004 1204 1040 ex
1219 1001 1301 1055 prava

370 1075 479 1128 lectione
496 1075 608 1128 bavarici
625 1073 682 1127 libri
701 1077 740 1144 (p.
753 1075 787 1128 33
804 1083 856 1129 not.
870 1076 909 1140 1).

167 1217 371 1228 m—

233 1300 263 1366 1)
291 1300 364 1352 Alius
391 1299 507 1366 ejusdem
534 1300 663 1353 bertholdi
693 1315 778 1353 sermo
806 1307 873 1352 extat
900 1301 932 1352 de
961 1299 1112 1352 matrimonii
1139 1304 1301 1351 sacramento

168 1385 306 1452 (Goebel
324 1385 369 1437 Bt.
385 1385 416 1451 Π,
435 1403 459 1454 p.
474 1387 519 1452 1),
543 1402 575 1438 ex
593 1402 644 1456 quo
667 1403 785 1456 magnam
803 1395 900 1454 partem
917 1386 990 1438 locus
1009 1386 1042 1438 de
1059 1383 1151 1437 illicitis
1169 1386 1300 1437 matrimo-

164 1473 213 1525 niis
233 1471 372 1540 (Lassberg
389 1486 411 1524 c.
427 1471 478 1523 377
496 1472 553 1525 add.
571 1471 616 1536 Π.)
640 1472 745 1526 haustus
764 1480 803 1526 est
820 1488 896 1542 quem
918 1471 965 1524 sub
983 1473 1069 1539 operis
1086 1471 1164 1524 finem
1182 1470 1304 1523 exhibent

165 1558 267 1626 antiqua
289 1548 481 1611 bavarieilibri
503 1558 619 1626 exempla
642 1559 758 1622 (codices
780 1556 949 1628 lasabergiaai
972 1558 1080 1628 catalogi
1102 1557 1145 1623 at,
1167 1557 1214 1622 90,
1237 1555 1298 1619 144)

164 1644 233 1695 unde
251 1652 277 1696 et
293 1640 499 1713 haneogallicam
516 1647 662 1698 versionem
678 1645 777 1698 intravit
794 1645 878 1712 eapite
897 1645 960 1709 146,
984 1644 1055 1714 quod
1072 1644 1171 1711 incipit:
1198 1642 1302 1708 „Quant

165 1739 252 1783 nostre
270 1732 321 1784 sire
339 1740 381 1784 toz
400 1733 516 1798 puissant
532 1733 613 1783 lotura
630 1732 697 1783 adan
715 1739 741 1783 et
757 1746 805 1783 eve
823 1731 841 1781 il
858 1731 896 1782 les
913 1730 945 1780 liz
964 1731 1009 1783 teil
1027 1747 1076 1799 que
1093 1728 1111 1781 il
1128 1746 1163 1781 ne
1182 1729 1304 1781 descierit

166 1818 263 1885 saiutyr
280 1816 347 1868 maul
364 1833 397 1868 uc
416 1819 492 1870 morit
510 1820 585 1883 ete.”,
603 1826 629 1870 et
646 1817 940 1889 principemleditionem
959 1833 979 1870 s.
992 1817 1009 1868 l.
1024 1825 1049 1868 et
1064 1834 1087 1870 a.

233 1903 405 1957 Instituendae
422 1903 564 1955 collationis
582 1919 658 1956 causa
676 1919 726 1956 uon
744 1903 907 1970 injucundum
924 1904 981 1968 erit,
999 1905 1020 1955 si
1034 1903 1075 1954 hic
1087 1900 1220 1954 llertholdi
1238 1917 1301 1955 sen-

166 1990 257 2043 tentias
277 1990 399 2059 quasdam
418 1989 575 2057 subjungam,
594 2006 661 2059 quae
679 1990 802 2057 propositi
820 1975 961 2059 argumenti
978 1989 1138 2055 partitionem
1157 1987 1304 2051 ostendunt,

166 2074 292 2145 simulque
309 2075 424 2142 indicem,
443 2077 502 2144 quid
520 2076 579 2129 inde
597 2077 623 2128 iu
637 2075 749 2128 bavarici
761 2075 819 2127 libri
832 2075 917 2127 locum
929 2076 963 2128 de
976 2074 1140 2127 matrimoniis
1159 2091 1211 2127 non
1226 2074 1303 2140 justis

166 2161 313 2215 translatum
330 2164 477 2230 reperiatur.
512 2160 596 2215 Tradit
612 2161 778 2214 bertholdus:
797 2161 849 2226 „Es
868 2161 913 2214 sah
932 2162 978 2213 der
995 2170 1056 2230 gute
1075 2162 1111 2214 St.
1126 2159 1259 2212 lohannes
1276 2160 1303 2208 iu

168 2247 305 2316 apocalipsi
323 2249 383 2301 dass
403 2251 443 2301 eiu
462 2248 555 2300 draehe
573 2248 631 2300 eine
649 2249 704 2301 irau
722 2245 821 2300 fresserr
839 2247 928 2300 wollte
947 2249 1033 2315 (apoc.
1046 2246 1100 2311 Xll,
1117 2262 1143 2299 v.
1157 2245 1252 2311 t-o);
1272 2244 1304 2295 da

166 2333 221 2385 half
236 2335 275 2387 ibt
291 2351 369 2387 unser
386 2335 452 2399 herr,
471 2335 529 2386 dass
548 2336 586 2387 sie
605 2335 673 2388 zwei
691 2334 805 2388 schoeno
823 2335 902 2402 littige
917 2350 1027 2402 gewauu
1044 2333 1095 2384 und
1112 2333 1172 2385 dass
1192 2334 1230 2384 sie
1246 2331 1304 2382 dem

168 2420 280 2473 drachen
303 2421 406 2473 entlloh.
441 2420 493 2472 Der
511 2421 603 2473 drache
625 2423 658 2474 ist
675 2421 721 2473 der
738 2417 817 2472 teufcl
834 2429 880 2472 etc.
901 2447 933 2458 —-
956 2420 1008 2471 Der
1026 2420 1084 2471 eine
1101 2418 1182 2471 littich
1199 2419 1233 2469 ist
1251 2418 1304 2501 wie

167 2522 224 2557 man
242 2505 315 2558 recht
332 2507 384 2557 und
401 2507 497 2558 redlich
515 2524 549 2558 au
567 2507 613 2559 der
632 2507 680 2559 che
697 2507 815 2559 hommeu
833 2506 897 2570 soll,
920 2507 965 2557 der
983 2506 1091 2569 audere,
1112 2506 1164 2558 wie
1182 2520 1242 2555 man
1260 2503 1305 2553 mit

168 2592 213 2643 der
235 2591 283 2642 ebe
305 2591 383 2643 leben
407 2593 470 2657 soll,
493 2594 545 2645 wie
568 2594 605 2645 sie
629 2602 675 2663 got
696 2602 813 2663 gesetzet
836 2593 886 2645 hat.
921 2593 975 2644 Der
992 2592 1084 2644 littiche
1104 2590 1244 2656 jedweder
1262 2588 1305 2641 hat

167 2677 224 2732 funt
238 2678 336 2732 sedern.
365 2679 417 2730 Iler
434 2687 501 2731 erste
517 2679 596 2732 littich
607 2708 639 2719 -
653 2680 699 2732 der
712 2680 756 2732 hat
771 2680 828 2732 funi
842 2679 941 2731 federu.
969 2677 1048 2730 Diese
1065 2676 1123 2729 tant
1138 2677 1229 2730 sedern
1247 2672 1304 2727 siud

168 2765 328 2817 fiinlerlei
349 2765 440 2817 leute
464 2766 515 2817 die
539 2766 590 2817 dir
611 2781 669 2817 zur
692 2765 750 2818 ebe
772 2765 934 2818 verboten
958 2766 1053 2829 sint”‚
1076 2762 1168 2814 collato
1194 2761 1304 2814 bavarici

168 2849 225 2902 libri
242 2851 314 2905 loco:
334 2852 405 2917 „Wir
418 2851 529 2904 woellen
546 2851 588 2903 hie
600 2869 651 2905 von
669 2851 752 2904 nichte
768 2852 833 2904 dcun
850 2867 901 2904 vou
921 2851 966 2903 der
983 2849 1077 2919 heilige
1092 2847 1131 2901 Ec
1150 2864 1202 2916 eyn
1217 2847 1305 2913 wenig

170 2953 258 3006 sageu.
276 2938 327 2990 wie
345 2938 385 2990 die
403 2955 452 3004 eyn
470 2937 571 3008 gaglieh
590 2938 695 2991 mensch
713 2938 854 3006 emphahen
873 2937 920 2991 svl.
939 2937 976 2989 als
996 2953 1024 2989 es
1043 2935 1090 2987 der
1106 2934 1210 3002 heylich
1227 2933 1303 2984 berre

170 3031 227 3075 sant
244 3024 372 3090 johannes
396 3025 459 3076 sabe
477 3027 502 3077 in
520 3024 666 3093 apocalipsi.
691 3025 737 3077 der
756 3024 817 3078 salre
836 3041 886 3092 eyn
905 3024 1005 3075 frawen
1024 3022 1066 3074 die
1085 3022 1151 3075 wolt
1168 3021 1216 3072 der
1233 3017 1304 3073 traclr

170 3108 271 3163 fressen
288 3127 313 3162 u.
328 3125 348 3162 s.
360 3112 411 3164 w.'’

240 3194 325 3248 Verba
346 3198 384 3262 „d
391 3214 424 3249 er
445 3198 570 3250 heilich
593 3198 690 3250 berre
711 3206 768 3250 sant
787 3196 933 3250 lohannes”
952 3204 1006 3248 orta
1024 3211 1056 3247 ex
1073 3193 1204 3246 bertholdi
1222 3191 1304 3246 verbis

170 3283 222 3348 „da
239 3278 294 3334 half
306 3283 346 3334 ihr
362 3300 440 3336 unser
456 3285 529 3336 herr''
550 3284 607 3351 (ubi
620 3275 752 3337 bavaricus
764 3283 829 3335 liber
844 3284 950 3335 mutavit
966 3282 1016 3347 „do
1034 3280 1096 3333 helii
1110 3283 1133 3332 ir
1150 3281 1224 3349 got’')
1243 3295 1304 3346 pro-

172 3368 235 3420 dunt
252 3368 380 3422 llertholdi
398 3371 572 3438 plagiatorem.
605 3371 655 3424 Sed
672 3371 890 3439 frequentissimae
907 3368 1017 3421 bavarici
1035 3367 1092 3420 libri
1111 3367 1256 3419 sententiae
1274 3381 1303 3416 ex

171 3452 302 3507 Bartholdi
325 3457 482 3509 sermonibus
500 3456 605 3510 haustae
623 3456 741 3509 facillima
758 3465 876 3524 poterant
894 3455 1038 3523 opinionem
1056 3469 1144 3506 creare
1161 3452 1304 3505 bavaricam

171 3540 262 3593 librum
280 3543 451 3611 conscriptum
469 3559 528 3596 esse
547 3544 652 3610 abipso
671 3542 822 3607 bertholdo,
847 3542 890 3610 qui
910 3543 976 3594 inter
993 3539 1184 3607 jureconsultos
1203 3551 1304 3606 quoque

172 3625 257 3678 locum
270 3627 353 3693 habet,
372 3627 498 3698 siquidem
516 3646 638 3683 summam
652 3629 827 3682 confessorum
841 3629 987 3695 composuit,
999 3643 1031 3679 ex
1046 3625 1213 3679 decretalium
1229 3624 1304 3686 libris,

174 3729 249 3781 quam
272 3714 386 3778 junctam
412 3715 533 3768 bavarico
563 3716 627 3772 libro
655 3714 757 3767 exhibet
782 3714 1003 3782 heidelbergensis
1032 3713 1114 3765 codex
1140 3707 1305 3779 lassbcrgiani

175 3799 285 3869 catalogi
304 3801 362 3854 103.

243 3885 326 3948 Quum
340 3891 365 3939 in
381 3903 539 3941 communem
550 3889 602 3954 jam
618 3887 763 3956 opinionem
778 3894 891 3952 venerat,
911 3887 1055 3939 saxonicum
1070 3886 1203 3954 speculum
1218 3894 1307 3938 aueto-

175 3988 228 4024 rem
246 3971 340 4024 habere
352 3974 489 4040 Heronem,
508 3962 635 4044 equestris
654 3975 806 4035 conditionis
824 3973 962 4039 hominem,
980 3974 1115 4027 bavaricus
1129 3989 1235 4043 quoque
1249 3972 1307 4025 liber

175 4058 312 4111 bertholdo
332 4060 440 4113 adscribi
459 4062 551 4128 coepit,
569 4077 619 4112 non
641 4061 736 4112 ordinis
755 4062 834 4113 sancti
850 4059 978 4112 Francisci
996 4059 1136 4125 monacho,
1160 4059 1207 4111 scd
1226 4057 1309 4128 equiti,

176 4146 355 4214 cognominato
379 4165 417 4212 „a
435 4146 660 4212 Grimmenstein”‚
684 4164 760 4216 quem
786 4146 920 4200 Goldastus
948 4147 979 4199 ab
1004 4148 1091 4198 auditu
1112 4147 1194 4198 refert
1216 4142 1311 4197 suevici

177 4233 276 4300 speculi
296 4239 426 4284 auctorem
444 4234 600 4287 celebratum
619 4249 690 4300 csse,
714 4249 840 4302 quemque
858 4235 925 4286 inter
942 4235 1039 4286 comitis
1057 4232 1089 4285 ad
1107 4232 1225 4285 Rhenum
1243 4230 1312 4300 pala-

176 4319 222 4370 tini
239 4335 387 4374 assessores
405 4319 488 4372 relert.
