2722 4898
484 363 721 429 -181-

119 537 267 601 lotentius
290 543 388 600 tarnen
411 535 550 621 legentes
573 538 704 602 movebit
722 537 891 619 propositas
915 537 1035 620 species
1054 542 1167 600 tanturn

42 660 95 706 non
119 659 226 705 omnes
257 641 413 705 continere
440 639 485 704 de
512 641 811 723 probationibus
834 642 1044 722 quaestionem
1068 659 1169 722 quan-

44 745 119 825 dam,
150 745 270 808 etiamsi
297 744 329 807 ln
357 744 460 807 sinrilis
490 746 659 829 argumenti
688 745 835 827 capitibus
863 764 919 826 per
945 751 1039 808 toturn
1061 745 1169 808 librum

47 847 183 930 dispersis
206 847 416 929 probationum
440 849 617 930 saepissime
642 850 722 912 nulla
745 850 866 912 omnino
889 849 967 911 ratio
991 848 1092 911 habita
1115 867 1171 909 re-

48 952 182 1032 periatur.
227 951 314 1013 Unde
336 951 465 1014 dubitari
496 953 666 1016 omnimodo
697 953 816 1033 nequit,
847 953 918 1032 quin
942 959 1008 1014 orta
1033 952 1072 1014 sit
1093 951 1171 1013 baec

48 1055 172 1118 bavarici
199 1054 268 1117 libri
295 1055 443 1137 particula
460 1048 512 1117 =an
541 1055 690 1137 peculiari
715 1056 847 1137 quodam
876 1056 914 1117 de
943 1055 1169 1137 probationibus

50 1165 72 1220 et
90 1158 361 1240 praesumtionibus
385 1160 617 1237 commentario,
641 1176 731 1239 quern
755 1159 920 1222 continuati
943 1158 1080 1222 bavarici
1102 1145 1172 1221 libri

10 1249 28 1321 .’
52 1263 238 1326 concinnator
270 1261 351 1323 baud
384 1262 484 1341 inepte
519 1263 688 1342 composuit
720 1262 811 1342 capiti
841 1263 879 1325 de
913 1263 1074 1344 perjuriis,
1109 1279 1170 1342 quo

53 1365 207 1449 lnsegisus
238 1364 360 1428 exbibet
390 1364 491 1427 Caroli
520 1367 621 1448 magni
649 1365 894 1428 constitutionem
925 1365 962 1426 de
991 1364 1175 1455 inquirenda

54 1487 151 1532 causae
172 1470 303 1532 veritate
333 1486 389 1549 per·
417 1475 510 1530 testes
534 1487 550 1530 a
574 1468 678 1548 judice
707 1477 767 1545 tarn
795 1466 954 1551 eligendos
978 1486 1068 1550 quarn
1091 1487 1172 1532 exa-

54 1572 203 1637 ninandos.

122 1676 272 1740 Nonnulla
305 1682 403 1738 tamen
433 1676 584 1757 posterior·
617 1694 723 1739 manus
757 1676 855 1738 aliena
885 1675 957 1741 huic
990 1682 1172 1758 argumento

56 1778 227 1861 interspersit
250 1778 414 1859 dequibus
437 1798 493 1842 suo
511 1779 581 1842 loco
605 1779 714 1845 dicam.
753 1778 806 1841 llis
828 1780 859 1841 in
881 1779 1058 1842 universum
1075 1796 1171 1859 prae-

57 1883 156 1946 nonitis
186 1883 249 1965 jam
282 1882 418 1966 singulas
447 1883 582 1947 bavarici
614 1882 683 1945 libri
716 1883 884 1946 sententias
918 1882 1066 1947 saxonico
1094 1881 1171 1945 libro

59 2002 259 2069 comparemus

515 2207 696 2280 xltlv.

86 2368 124 2432 Dc
145 2336 312 2434 odoacrum
330 2369 496 2450 patronis;
518 2369 561 2431 cd
584 2369 790 2450 anticipatum
807 2365 961 2449 Ansepisi
986 2371 1080 2450 caput
1102 2366 1141 2430 de

380 2473 547 2536 advocatis
569 2481 599 2534 et
621 2473 835 2537 vicedominis.

105 2608 218 2693 Caput
233 2609 305 2673 268.
328 2610 361 2673 ln
377 2613 485 2674 mutuis
501 2611 584 2692 peti·
689 2609 811 2689 ‚,Swett
827 2629 899 2674 mon
915 2611 1015 2692 opple
1033 2610 1094 2673 alen
1111 2627 1174 2672 cn·
1201 2625 1204 2630 ·

64 2711 175 2778 tionibus
195 2715 280 2796 prior
297 2713 476 2777 discutiatur
494 2722 583 2776 acto·
637 2713 732 2776 deren
747 2709 819 2777 mon
832 2716 942 2795 clupei.
959 2715 1093 2776 stererat
1105 2714 1175 2775 cla-

63 2815 94 2878 ris
110 2835 208 2898 causa,
232 2818 349 2880 etiarnsi
366 2818 398 2880 in
415 2817 465 2899 jus
484 2835 583 2880 voca·
635 2824 687 2898 pet
709 2834 747 2878 ne
768 2812 822 2880 b'ct
840 2837 909 2900 puae
930 2818 1017 2880 ni'cbt
1038 2837 1078 2879 aa
1100 2806 1176 2878 ant-

64 2923 98 2982 tus
114 2927 342 3002 procuratorem
361 2921 446 3001 prior
465 2922 583 2984 consti·
636 2922 792 2986 wordcne.
823 2922 879 2985 lter·
903 2942 942 2985 ne
967 2922 998 2984 si
1023 2939 1084 2984 con
1108 2937 1176 3001 pane

64 3026 190 3100 tuerit1).
637 3023 768 3087 lediclr.”

687 3128 809 3202 „Clupet
834 3129 894 3187 cele
920 3129 985 3186 lude
1011 3127 1068 3201 uplt
1088 3143 1178 3200 epaon

636 3239 702 3279 anon
727 3223 901 3298 unpcricbtc.
928 3223 1104 3282 bernaici
1124 3225 1178 3297 cleo

64 3348 248 3361 g-..n——m

127 3428 155 3497 1)
184 3427 336 3501 Legendunr
358 3434 411 3485 est:
438 3429 498 3498 „ob
526 3445 619 3484 uwene
640 3444 689 3484 vor
713 3429 819 3500 geribte
840 3430 871 3485 ud
894 3430 936 3485 ein
962 3429 1044 3486 ander
1070 3429 1178 3500 cingent

65 3521 119 3578 tudo
143 3525 219 3580 aner
244 3524 304 3580 dern
329 3523 429 3580 andren
451 3523 500 3579 llvr
520 3524 566 3579 bat
589 3525 727 3595 gebotten.
755 3525 804 3580 der
824 3525 907 3580 nimet
927 3525 976 3580 dez
997 3530 1088 3580 ersten
1108 3525 1177 3580 livr-

66 3618 178 3686 tprecben
205 3618 275 3675 dern‘
290 3618 330 3676 sol
356 3618 404 3675 der
430 3619 516 3675 ribter
542 3619 598 3675 nivt
623 3619 719 3675 ribten.
746 3636 777 3675 er
803 3619 843 3676 sol
869 3619 929 3676 dent
949 3619 1037 3676 ribten
1058 3618 1107 3675 der
1127 3618 1177 3675 dur

67 3711 176 3778 redonen
196 3709 270 3769 bat.”
304 3714 373 3770 blale
394 3731 428 3770 ex
448 3712 577 3770 turicensi
598 3713 692 3770 codice
713 3715 848 3787 supplevit
867 3714 911 3770 bic
930 3715 1076 3786 Lassberg:
1098 3712 1178 3785 „dein

69 3801 335 3880 laxlivrgeboten
355 3810 399 3865 ist
420 3809 481 3865 den
503 3808 543 3865 sol
564 3809 612 3865 der
632 3808 716 3866 ribter
737 3810 793 3865 nivt
812 3806 930 3881 ribten''‚
951 3810 1023 3882 quod
1039 3809 1179 3881 depravat,

68 3910 106 3956 tto
123 3904 213 3978 explet
223 3896 284 3960 'loci
300 3904 465 3960 sententiam.
499 3905 648 3961 Saronicus
663 3905 790 3977 scriptor,
811 3910 886 3960 recte
901 3903 1075 3976 caeteroquin
1090 3903 1179 3960 locum

70 3987 212 4071 intelligens,
233 4000 301 4055 male
322 4005 407 4054 tamen
430 3999 517 4054 omisit
533 3977 705 4055 dubitationis
727 4015 841 4070 causam,
858 3999 888 4061 ¹in
908 4014 942 4055 eo
962 3999 1086 4073 positam,
1107 3997 1180 4071 quod

71 4083 285 4151 ilocustituendo
301 4100 481 4166 procuratore
498 4093 639 4166 praevenit
659 4092 779 4150 actorein
800 4095 827 4149 iu
843 4093 887 4164 jus
901 4099 1021 4151 vocatus.
1052 4095 1180 4150 Detracta

71 4190 236 4247 ltocuratoris
256 4189 393 4245 mentione
409 4196 436 4246 et
457 4188 605 4258 interjectis
625 4173 831 4258 additionibusf
843 4204 908 4259 quas
929 4189 1070 4262 synoptico
1090 4186 1179 4243 tabula

73 4273 98 4329 ll
114 4284 200 4342 toaloe
219 4285 312 4359 ponit,
337 4283 462 4341 ellectum
482 4288 570 4339 estut
590 4283 782 4340 obscuraretur
802 4283 889 4355 ratio,
910 4299 961 4356 qua
980 4282 1106 4340 rubricae
1126 4279 1181 4356 „de

74 4367 208 4438 advocatis'
224 4379 391 4442 maeniunt
409 4377 531 4440 arenci
550 4376 614 4438 libri
634 4383 800 4454 argumenta.
