2722 4898
600 334 816 399 ..22-

145 521 212 587 dieo
236 533 341 583 omnes
361 515 431 580 libri
447 512 585 580 homines
603 526 683 573 eon-

143 623 277 688 veniant.

202 829 261 886 tit.
279 829 305 884 h.
331 827 457 900 Triplieis
473 822 632 880 conditionis
646 821 683 876 11-

144 926 227 982 beroa
250 923 371 980 homiues
395 918 596 991 distinguendos
616 933 684 971 esse.

211 1037 329 1119 Caput
352 1034 380 1100 l.
410 1032 559 1097 Judieiunr
576 1048 685 1110 quern-

147 1141 308 1207 admodum
326 1136 531 1203 'ordinaudum
554 1135 600 1198 sit.

211 1245 381 1324 Unicuique
400 1240 494 1323 judici
517 1256 592 1318 opus
614 1253 686 1299 esse

146 1366 310 1430 praecone.
325 1415 332 1426 ,

205 1460 353 1517 citationes
375 1472 428 1529 quo
447 1461 570 1526 ternpore
591 1452 662 1506 liant.

213 2068 299 2143 Quae
313 2126 316 2133 .
328 2072 497 2130 castrorum
530 2050 701 2126 comitibus'

144 2169 317 2251 jnrisdietio
349 2165 527 2248 quibusdam
555 2166 584 2228 iu
612 2164 689 2227 loeis

149 2279 310 2353 competat.

214 2578 369 2660 Caputl
401 2578 457 2641 lit.
480 2578 509 2643 b.
553 2576 603 2639 Ad
628 2577 689 2639 ba-

148 2681 274 2749 varieae
301 2681 381 2766 legis
408 2680 519 2743 verba:
552 2677 688 2759 „Comes

149 2805 226 2853 vero
249 2802 354 2850 secum
372 2783 484 2847 babeat
501 2817 536 2828 -
553 2782 689 2845 librum

148 2887 290 2974 legis”:
325 2887 362 2950 de
391 2887 471 2970 juris
504 2894 564 2949 tarn
595 2884 690 2948 divini

149 3009 239 3073 quam
271 2991 393 3054 humani
427 2989 556 3074 origine.
605 2987 689 3050 luris

149 3093 317 3175 eommunis
334 3091 386 3155 bie
405 3092 484 3156 liber
505 3090 585 3156 unde
607 3088 689 3154 bau-

150 3203 215 3262 stus
237 3197 331 3272 sit2).

793 504 861 560 blale
886 501 1008 560 bavarioi
1037 499 1102 557 libri
1130 500 1207 556 loeus
1231 497 1278 554 bio

736 599 769 655 ad
795 598 924 670 synodale
946 596 1076 668 judicium
1104 595 1279 663 transfertur,

736 693 807 766 quod
828 693 933 767 plenius
953 692 1023 747 inira
1046 689 1198 764 apparebit.

793 814 924 884 „oribet't
957 813 1003 870 die
1035 812 1061 867 ts
1096 829 1167 868 ouer·
1197 809 1281 866 ἀνίαν

737 910 830 966 bande
848 904 916 966 —-.”

804 1433 974 1497 Saxonious
997 1432 1128 1513 scriptor
1150 1431 1189 1492 ad
1210 1429 1241 1493 h.
1260 1431 1281 1494 1.

740 1540 778 1600 ‹le
793 1537 904 1617 triplici
921 1536 1069 1598 laicorum
1086 1534 1154 1597 foro
1170 1541 1281 1596 tractat

738 1642 858 1704 verbis:
886 1659 946 1716 „ao
968 1639 1105 1721 patiebar
1127 1639 1185 1700 wia
1208 1638 1280 1700 aot-

739 1746 788 1807 len
804 1746 851 1807 oie
861 1743 989 1807 aoerlr‘eb
999 1742 1138 1824 periclito
1153 1739 1281 1806 arrabea.

741 1848 792 1910 die
819 1848 952 1929 acbepen
980 1846 1036 1909 des
1063 1864 1179 1927 preoea
1203 1845 1283 1924 utroq

740 1971 816 2014 noer
837 1950 989 2014 oebtaelm
1009 1950 1138 2012 wocbeo
1155 1949 1225 2010 -.''

799 2061 954 2119 Castrorum
974 2061 1115 2118 comitibus
1137 2060 1283 2116 substitui-

740 2165 784 2213 tur
813 2157 974 2212 rustieorunr
1008 2157 1137 2228 magister
1169 2155 1282 2234 verbis:

739 2253 818 2323 „ilar
841 2253 916 2309 uado
941 2252 972 2308 a‘o
996 2251 1154 2308 toweltreme
1179 2258 1283 2324 ropet-

740 2347 825 2421 dinpe
840 2348 888 2403 aet
901 2347 999 2403 metir
1015 2345 1173 2403 temeror
1188 2362 1282 2401 eora-

739 2458 796 2514 pea
815 2441 870 2496 dau
891 2441 988 2498 re‘ebte
999 2437 1067 2497 -.”

233 3402 504 3485 Bajuariorunr
531 3398 636 3481 legis
664 3398 715 3461 hie
743 3397 844 3460 titulus
873 3404 944 3479 post
971 3397 1076 3478 priora
1098 3397 1220 3460 nonnisi
1244 3397 1283 3459 ad

150 3504 288 3586 antiquos
310 3504 520 3587 BaJuarioruut
542 3502 636 3565 duces
662 3503 844 3583 pertinentia
867 3502 966 3581 capita
989 3499 1146 3576 (l-XlVl
1170 3502 1200 3562 in
1224 3520 1283 3563 ea-

148 3608 211 3690 pite
232 3607 288 3670 XV
305 3625 403 3688 usque
426 3605 599 3669 adfinitum
622 3612 713 3686 eaput
734 3604 804 3666 Χ1Χ
826 3605 965 3685 exeeptis
989 3603 1168 3684 quibusdam
1191 3624 1282 3667 eorn-

149 3711 288 3774 munibus
305 3710 393 3788 loeis,
416 3709 467 3789 qui
485 3708 659 3789 interpretis
678 3726 782 3772 curaui
798 3709 940 3789 produnt,
963 3708 1028 3788 ipsa
1043 3706 1139 3770 verba
1157 3707 1283 3770 exbibet

149 3814 244 3878 edicti
272 3812 426 3893 eujusdam
449 3810 672 3893 J'urisdietionis
700 3818 865 3893 perpetuae
888 3828 983 3873 eausa
1005 3811 1168 3892 propositi,
1199 3812 1282 3891 quod

150 3914 322 3999 adprimus
344 3913 559 3998 Karolingioae
583 3915 794 3991 dominationis
818 3931 913 3976 annos
935 3911 1131 3977 referendum
1153 3922 1210 3978 est.

236 4015 368 4099 Capite
390 4013 460 4080 XV:
488 4017 548 4098 „Ut
569 4019 678 4101 placita
699 4017 772 4081 fiant
792 4036 849 4099 per
869 4016 1054 4098 Kalendas'’,
1079 4037 1120 4080 en
1143 4017 1282 4082 carolin-

154 4163 357 4173 ---—----

229 4239 259 4309 l)
280 4239 364 4312 lirim
382 4239 438 4296 loei
458 4246 643 4312 argumentata
662 4241 805 4299 saxonicus
825 4242 942 4317 seriptor
962 4243 990 4301 iu
1005 4243 1147 4318 prooemio
1163 4258 1212 4299 auo
1225 4242 1283 4314 jam

150 4332 350 4411 praelibaverat
369 4334 473 4394 verbis:
495 4336 562 4409 „dat
580 4336 636 4395 aino
656 4339 807 4413 wieasapeu
827 4356 875 4397 uns
894 4339 1000 4414 gelaret
1019 4338 1120 4397 bebbet
1133 4334 1198 4396 -.”
