2722 4898
514 361 747 428 ..207-

66 541 119 603 sed
139 540 192 619 ita,
212 546 245 602 ut
257 538 354 620 judex
372 555 440 601 eum
457 555 518 600 non
537 538 605 600 duci
703 551 706 558 ’

9 638 11 643 ’
68 651 153 707 extra
168 641 390 725 Jurisdictionis
406 658 481 704 suae
498 642 606 716 termi-

69 765 121 810 nos
133 745 255 828 Jubeat3
277 745 332 808 sed
347 745 428 807 bona
443 744 522 807 unde
538 745 605 808 sol-

72 858 117 914 rat
134 868 197 912 non
211 848 326 912 babens
346 848 477 929 ajudice
497 855 606 910 custo-

9 1003 10 1008 η
75 955 177 1033 diatur,
199 953 289 1016 simili
307 951 539 1034 adstringendus
553 951 606 1031 ju-

9 1088 12 1127 1.
76 1063 214 1136 ramento,
241 1074 301 1136 quo
325 1062 356 1117 et
379 1055 428 1116 alii
452 1054 605 1126 debitores

9 1173 15 1228 t
78 1180 150 1224 nexu
171 1159 297 1222 liberari
320 1159 474 1239 cupientes
488 1161 531 1232 ¹).

10 1308 15 1334 1
125 1261 605 1341 mmmfflmmm

9 1380 19 1435 t
80 1369 146 1432 lbra
156 1367 297 1432 custodia
311 1365 418 1445 aliquis
432 1365 513 1428 ultra
524 1364 605 1426 oeti-

9 1504 20 1541 ᾖ
83 1473 158 1536 duum
178 1478 335 1549 teneatur,
363 1468 421 1531 nisi
443 1469 524 1530 bona
545 1465 606 1529 ba-

82 1576 147 1657 beat,
160 1576 241 1640 unde
253 1574 324 1638 dolo
336 1574 414 1637 malo
428 1571 606 1636 satisfacere

84 1681 212 1745 creditori
230 1679 316 1744 nolit.

18 1792 20 1799 '
126 1784 216 1864 Bona,
243 1800 324 1864 quae
346 1780 459 1843 babere
482 1780 604 1844 debito-

85 1905 134 1951 rem
154 1888 290 1952 creditor
311 1885 502 1969 probaverit‚
524 1885 608 1947 indi-

10 1996 24 2050 '.··
87 2008 143 2054 cans
177 1993 228 2056 ubi
264 1990 473 2069 inveniantur,
510 1988 607 2071 judex

87 2096 176 2175 capiat,
193 2103 226 2158 ut
239 2095 378 2178 pignoris
393 2094 515 2157 nomine
531 2110 606 2154 cre-

87 2195 158 2261 ditori
186 2199 357 2275 tradantur;
388 2199 414 2262 si
441 2204 529 2260 extra
551 2195 606 2276 ju-

86 2299 221 2365 diciariam
252 2307 431 2383 potestatem
461 2299 607 2382 ejusmodi

80 2400 148 2467 bona
161 2426 178 2468 a
191 2405 328 2468 debitore
342 2410 511 2484 teneantur,
527 2411 607 2465 tam·

80 2505 122 2571 diu
136 2509 232 2591 Judcx
255 2526 322 2571 eum
345 2509 375 2570 in
397 2507 526 2570 vinculis
547 2525 607 2569 ou-

71 2612 193 2693 stodiat,
224 2611 366 2692 quamdiu
391 2612 421 2673 in
448 2610 606 2674 solutionis

71 2728 190 2778 eausam
227 2723 408 2779 convertere
443 2715 492 2777 illa
525 2714 604 2776 bona

64 2813 226 2883 detrectet.

126 2923 155 2986 Si
176 2940 252 2986 vero
275 2922 411 2986 creditor
436 2939 495 2984 nec
521 2921 604 2983 indi-

57 3036 139 3088 care
156 3026 304 3090 debitoris
322 3025 402 3088 bona
420 3026 524 3107 possit,
547 3044 606 3087 neo

57 3125 192 3192 testibus
236 3128 367 3210 probare
407 3128 606 3191 fraudationis

55 3243 161 3295 causa
198 3232 399 3296 dissimulatos
439 3231 607 3294 debitorem

54 3325 226 3398 facultates
248 3334 371 3414 babere,
397 3335 501 3416 elapso
525 3335 606 3397 octi-

58 3433 129 3500 duo
144 3457 184 3501 ex
199 3437 337 3501 custodia
352 3439 472 3518 quidem
487 3437 606 3500 libere-

60 3537 128 3619 lur,
148 3542 202 3605 sed
219 3540 267 3604 bis
286 3542 447 3620 quotannis
468 3543 606 3605 interro-

66 3650 159 3718 gante
177 3644 331 3708 creditore
353 3645 419 3707 sub
438 3645 606 3725 jurisju-

68 3745 177 3809 randi
202 3747 399 3830 religione
420 3747 606 3828 profiteatur,

78 3889 270 3910 xN—.—-----—

132 3992 158 4061 l)
173 3993 247 4051 lianc
261 3995 383 4052 bavarioi
396 3995 451 4053 loci
464 3997 633 4069 particulam
650 4014 665 4053 a
679 3997 745 4068 juris
759 3996 879 4054 saxonici
893 3998 1069 4071 provincialis
1085 4006 1197 4057 auctore

84 4082 205 4160 omissam,
229 4091 256 4146 in
282 4106 344 4146 suos
369 4107 431 4145 usus
456 4092 590 4147 convertit
611 4093 786 4149 concinnator
806 4092 869 4148 libri
896 4093 929 4149 de
951 4094 1014 4165 jure
1041 4096 1196 4168 municipali

11 4223 15 4247 .,
86 4182 195 4241 aaronica
216 4186 281 4252 (art.
297 4184 333 4242 27
351 4184 455 4241 verbis:
477 4186 519 4255 „is
541 4203 605 4243 aver
626 4187 686 4243 ione
707 4205 741 4242 en
760 4193 821 4259 gast
835 4185 915 4256 -”),
950 4189 1109 4246 bavaricam
1128 4206 1197 4246 vero

13 4308 21 4347 ‚
84 4268 226 4344 ‘triptorem
246 4296 262 4335 a
278 4279 348 4352 juria
367 4279 536 4352 municipalis
556 4289 677 4352 auctore,
697 4299 751 4338 non
769 4283 839 4337 hunc
855 4283 889 4338 ab
905 4284 963 4356 illo,
978 4284 1123 4341 adhibitum
1138 4302 1196 4341 esse

82 4357 159 4424 iilam
176 4372 220 4429 flet
239 4391 274 4431 ex
293 4375 346 4447 bis,
366 4391 433 4450 quae
454 4375 554 4432 notabo
576 4374 609 4431 ad
630 4393 652 4432 c.
667 4375 732 4434 308.
