2722 4898
493 373 765 438 --85-

117 543 154 607 vis
161 543 253 627 judice
269 552 419 626 servetur,
433 544 520 628 cujus
531 546 629 628 juris-

118 646 367 731 diotioasuprcma
377 649 535 733 judiciaria
546 651 630 734 regis

116 756 240 828 potestate
256 753 433 819 descendat.

742 837 802 894 Art.
818 837 864 895 49.
894 837 1012 910 „Saum
1031 837 1078 896 die
1097 855 1223 914 poprece

682 931 819 989 circestet
837 927 902 990 -’'.·

738 1026 842 1098 Pagelti
866 1027 965 1098 judicis
994 1026 1223 1100 proscriptionem

681 1120 806 1192 subsequi
828 1121 1053 1194 proscriptionem
1078 1122 1106 1178 in
1132 1121 1222 1179 comi*

680 1204 726 1271 tis
735 1214 840 1288 judicio
865 1215 1103 1290 pronuntiandam
1130 1232 1222 1272 coram

681 1309 779 1366 comita
809 1311 991 1384 proscriptum
1022 1311 1118 1383 regiae
1140 1310 1222 1384 'pro-

682 1403 837 1476 scriptionis
859 1406 1008 1464 sententiao
1030 1405 1223 1478 subjiciendum

150 1568 253 1627 iuverso
273 1569 387 1643 pristino
407 1570 501 1628 ordina
520 1571 631 1645 regulae
682 1513 749 1555 em·

111 1676 175 1735 sopra
198 1665 357 1740 propositae
386 1682 455 1723 nunc
483 1668 632 1740 praemissa

86 1752 190 1834 ,tegitur
216 1759 465 1817 ohservatiuncuta:
492 1776 632 1817 omnema

109 1853 171 1924 regia
183 1860 319 1927 potestate
332 1855 454 1929 pendere,
462 1855 632 1926 judiciariam

109 1943 222 2006 laicorum
242 1955 404 2023 potestatem
421 1956 448 2006 et
464 1965 568 2021 errare,
588 1949 632 2022 qui

109 2044 203 2116 propria
219 2045 335 2117 aliquem
343 2043 532 2117 jurisdictione
546 2060 632 2118 prae-

109 2131 176 2194 tisun
195 2156 254 2196 esse
275 2139 445 2197 contendant.
542 2205 550 2217 N

176 2275 342 2359 Hucusque
365 2277 505 2341 saxonici
527 2278 643 2358 speculi
670 2275 850 2341 articulatim
877 2277 987 2361 digesti
1007 2277 1122 2359 primus
1144 2276 1222 2343 liber

110 2379 275 2444 extenditur.
309 2380 486 2460 voluminis,
511 2398 572 2444 non
595 2388 852 2464 argumentorum,
874 2380 1023 2444 rationem
1045 2382 1076 2443 in
1099 2381 1222 2462 disper-

109 2477 193 2545 tiendo
215 2501 272 2564 per
287 2482 382 2547 libros
399 2501 438 2546 eo
454 2501 548 2564 opere
563 2483 695 2548 habitam
716 2501 788 2549 essa
810 2483 1015 2548 continuanda
1033 2483 1096 2565 jam
1118 2501 1222 2549 rerum

109 2586 242 2666 expositio
266 2586 415 2650 ostendet.

153 2721 258 2796 Caput
278 2722 341 2779 104.
372 2721 561 2779 circumducto
581 2740 631 2797 per
741 2723 801 2781 Art.
817 2723 862 2779 50.
888 2721 1059 2794 „Verscmet
1075 2723 1121 2781 dic
1135 2738 1223 2798 prece

107 2809 189 2881 judicis
214 2817 363 2883 absentiam
388 2817 514 2874 condicto
536 2818 633 2890 judicii
684 2817 729 2874 aia
749 2818 828 2877 ecdte
848 2818 917 2893 diop
932 2813 987 2860 -'’
1000 2821 1036 2888 ¹).

110 2905 142 2964 die
163 2927 214 2968 non
240 2913 293 2969 uisi
319 2928 397 2968 uuum
418 2911 541 2969 adhunc
562 2912 633 2968 diem

109 2997 190 3062 iactam
204 3006 359 3063 citationem
371 3022 423 3079 pro
437 3006 513 3062 irrita
527 3005 632 3062 haben-

110 3093 156 3155 dam
168 3117 236 3172 esse,
248 3100 330 3157 salvis
343 3100 515 3158 citationibus
529 3100 562 3156 ad
576 3100 633 3157 dies

109 3190 169 3260 prius
189 3212 204 3251 a
224 3211 274 3252 reo
294 3210 348 3252 non
368 3196 525 3255 custoditos.

154 3287 256 3362 Caput
275 3289 330 3345 104
346 3307 362 3346 a
379 3290 510 3347 verbis:
530 3289 634 3360 „Unde

110 3381 219 3448 epactes
239 3382 285 3439 ein
303 3400 370 3440 mcc
383 3380 451 3439 -'’:

152 3475 324 3550 transposito
340 3479 435 3535 ordine
451 3477 570 3551 pertinet
584 3477 632 3534 ad:

151 3567 270 3652 Caput
296 3573 367 3636 105.
419 3573 633 3636 contumacem
733 3571 859 3639 nasso.
873 3573 1223 3657 „Bectupetmonepmen

112 3681 182 3752 esse,
211 3675 263 3754 qui
289 3692 437 3767 praesens
464 3676 494 3738 in
518 3675 632 3757 judicio
685 3694 756 3739 mco
771 3677 805 3739 in
818 3677 1223 3758 aimeiepeaeocrde-ss''²).

111 3777 284 3855 respondere
307 3779 404 3842 actori
425 3778 508 3842 nolit.
1035 3783 1040 3789 '

114 3900 300 3925 &nm-u...-

177 3981 204 4058 i)
224 3983 309 4041 Addit
327 3983 469 4041 saxomcus
488 3984 607 4057 scriptor
622 3985 649 4041 in
665 3984 796 4042 criminali
812 4001 891 4043 causa
907 3983 1015 4058 priores
1029 4001 1137 4058 quoque
1151 3983 1224 4043 cita-

112 4067 184 4132 tiones
201 4078 338 4136 iterandas
358 4095 425 4135 esse.

174 4172 209 4241 2).
223 4175 252 4231 ln
279 4175 320 4231 rei
344 4173 527 4232 vindicatione
552 4173 694 4231 saxonicus
720 4174 839 4248 scriptor
867 4180 943 4232 nutat
968 4189 1033 4245 reo,
1064 4174 1108 4246 qui
1136 4173 1225 4230 statim

113 4265 261 4336 rttpondera
286 4269 367 4342 notit,
391 4269 543 4344 proximum
565 4268 663 4342 judicii
689 4268 759 4327 diam
784 4269 819 4328 ad
841 4271 1042 4329 contestandam
1060 4267 1135 4326 litem
1155 4283 1224 4325 oon·
1300 4315 1305 4326 .

115 4353 244 4420 utendum
263 4380 332 4424 esso,
