2722 4898
603 370 815 435 ...20...

143 546 232 612 nibus
248 546 348 611 bonae
366 543 529 611 voluntatis
549 544 771 609 annuntiaverit
788 562 823 607 se
847 560 991 608 summum
1009 541 1092 624 pacis
1111 541 1279 626 principem

145 657 177 715 et
198 649 356 715 custodem
378 649 565 731 profiteatur,
592 665 650 711 nec
674 649 705 711 in
729 649 875 712 coelestia
898 666 994 732 regna
1016 664 1161 710 reversus
1184 648 1279 711 inde-

141 752 261 818 fensum
276 754 427 818 hominem
443 753 640 816 christianum
657 753 830 832 relinquere
846 753 985 829 voluerit,
1004 751 1035 813 in
1056 751 1194 814 saxonici
1209 750 1279 814 libri

141 857 242 921 fronto
260 857 382 922 omnino
400 857 554 921 abscissus
577 863 608 918 et
626 856 837 919 omissionibus
856 874 896 918 ex
914 855 1004 917 nimio
1026 853 1183 918 brevitatis
1207 862 1278 917 stu-

142 962 192 1025 dio
210 959 354 1042 profectis
372 962 498 1041 insuper
515 959 697 1040 depravatus
715 960 837 1044 legitur.
876 958 997 1021 Minime
1016 957 1097 1021 enim
1115 959 1278 1022 consentio

141 1064 327 1144 dicentibus,
355 1063 509 1128 Eeconem
531 1082 572 1126 ex
595 1063 694 1146 gentis
722 1081 796 1126 suae
819 1061 919 1124 indole
943 1061 1116 1142 pontificiae
1140 1064 1280 1125 auctori-

140 1169 210 1233 tatis
238 1168 488 1249 impatientiorem
516 1167 651 1232 noluisse
680 1166 906 1247 imperatorium
933 1165 1066 1248 gladium
1090 1167 1279 1247 apostolicae

143 1272 209 1336 sedi
238 1277 396 1351 acceptum
425 1270 515 1350 ferri,
549 1289 617 1333 nam
645 1271 751 1334 seculo
781 1270 900 1332 decimo
929 1268 1018 1333 tertio
1047 1268 1186 1333 Saxones
1215 1288 1280 1333 non

145 1375 233 1439 aliam
248 1391 339 1456 quam
354 1392 433 1456 quae
450 1374 487 1438 ab
503 1374 577 1458 ipsis
592 1372 824 1456 imperatoribus
847 1378 973 1453 recepta
995 1377 1122 1447 esset1)
1147 1373 1184 1436 de
1206 1373 1281 1454 gla-

150 1539 351 1551 ...-...........

218 1633 249 1705 1)
276 1632 366 1692 Consi.
387 1633 466 1706 regni
491 1633 565 1696 sicul.
588 1649 632 1705 ap.
653 1630 779 1689 canciani
799 1631 820 1703 l,
841 1630 905 1688 305.
945 1631 1078 1689 Friderioi
1103 1631 1280 1705 imperatoris

140 1728 346 1788 confoederatio
367 1745 427 1785 oum
440 1726 614 1809 ¹principibus
638 1726 829 1783 ecclesiasticis
849 1727 910 1783 anni
929 1727 1051 1784 ntccxx
1071 1733 1121 1782 art.
1138 1726 1170 1797 73
1191 1727 1279 1783 Boni-

140 1825 224 1883 facius
242 1823 303 1881 Vlll
324 1841 367 1897 ap.
388 1822 520 1893 Boebmer
540 1823 567 1893 l,
587 1821 632 1878 23.
674 1823 759 1877 Lucae
786 1823 969 1893 evangelistae
995 1823 1084 1878 locum
1111 1821 1162 1889 (22
1184 1839 1208 1878 v.
1224 1821 1280 1891 38)

140 1920 174 1976 de
195 1908 300 1978 duob'us
325 1918 423 1990 gladiis
447 1917 557 1973 saeculo
579 1917 635 1988 jam
659 1916 765 1974 decimo
793 1917 826 1972 de
853 1917 1000 1973 sacerdotii
1026 1916 1185 1988 imperiique
1207 1933 1280 1972 con-

140 2013 235 2072 cordia
262 2014 468 2086 interpretatum
493 2010 603 2067 invenio
630 2011 701 2084 apud
721 2010 887 2067 Gerbardum
911 2012 937 2066 in
958 2011 1014 2067 vita
1034 2010 1127 2069 Sancti
1148 2010 1281 2084 Odalrici,

140 2107 262 2182 episcopi
281 2107 432 2178 Augustani
454 2108 512 2179 (ap.
534 2106 601 2161 Peru
621 2105 668 2177 1v,
688 2124 714 2178 p.
730 2105 815 2174 aaut:

195 2240 196 2244 ,
217 2199 331 2273 „Divina
352 2201 432 2256 etiam
452 2200 567 2257 donante
588 2202 730 2257 clementia
750 2201 860 2273 majoris
877 2199 988 2258 visionis
1008 2200 1123 2257 subimet
1143 2200 1196 2275 ipsi
1217 2219 1281 2259 nra-

139 2295 281 2354 nifestatae
306 2295 435 2352 miracula
459 2297 508 2352 sub
532 2295 637 2351 silentio
663 2295 861 2353 recondendum
887 2297 986 2352 bonum
1009 2313 1066 2353 esse
1092 2311 1146 2352 non
1172 2298 1281 2370 estimo,

140 2391 202 2463 quia
217 2389 330 2463 quadam
344 2397 434 2460 nocte,
455 2406 515 2447 cum
535 2406 634 2464 corpus
650 2391 750 2447 lectulo
771 2392 944 2463 collocasset,
964 2390 1033 2447 vidit
1052 2399 1170 2448 sanctam
1182 2393 1281 2450 Afrum

140 2486 168 2542 in
189 2501 285 2556 magna
306 2484 473 2541 formositate
487 2484 600 2558 pulchra
621 2485 710 2541 tunica
731 2485 849 2542 indutam
870 2493 949 2557 atque
970 2486 1142 2558 succinctam,
1163 2494 1281 2544 stantem

139 2585 200 2636 ante
214 2580 301 2653 ipsum
316 2578 502 2654 dicentemque
519 2580 583 2636 sibi:
605 2579 739 2651 „„Snrge
754 2587 780 2636 et
797 2597 912 2653 sequere
929 2581 1023 2636 me.''''
1056 2582 1089 2636 Et
1104 2582 1172 2638 baec
1187 2583 1282 2639 dicens

140 2673 232 2732 eduxit
253 2689 314 2730 oum
333 2673 360 2730 in
381 2691 513 2748 campum,
535 2691 612 2747 quern
625 2674 754 2730 lechfeld
771 2675 853 2746 vulgo
875 2674 973 2731 dicunt.
1007 2675 1046 2732 lbi
1067 2675 1137 2732 enim
1157 2683 1281 2733 sanctum

138 2771 247 2828 Petrum
266 2769 416 2842 principem
443 2771 627 2843 apostolorum
653 2772 754 2827 invenit
776 2787 835 2825 cum
859 2770 1026 2826 multitudine
1047 2787 1141 2841 magna
1164 2772 1280 2845 episco-

108 2924 111 2929 ,
138 2881 235 2941 porum
256 2870 283 2920 et
303 2863 418 2920 aliorum
438 2870 601 2936 sanctorum,
622 2872 649 2922 et
670 2882 763 2923 eorum
777 2881 844 2936 quos
861 2865 907 2921 ille
929 2871 990 2921 ante
1004 2865 1114 2922 videbat
1135 2872 1280 2924 eteorum

139 2976 206 3034 quos
226 2964 305 3015 antea
324 2973 377 3014 non
397 2958 517 3031 videbat,
538 2966 565 3015 et
585 2967 673 3016 tamen
693 2967 758 3016 nutu
778 2960 827 3016 Dei
848 2961 919 3015 benc
938 2962 1121 3029 cognoscebat
1144 2962 1280 3030 synodale

139 3053 312 3125 conloquium
332 3068 392 3108 curn
415 3053 454 3109 eis
481 3053 624 3110 facientem
645 3061 673 3110 et
693 3071 788 3126 magna
810 3060 837 3110 et
857 3053 1058 3111 innumerabilia
1079 3053 1280 3130 disponentem,

138 3147 335 3220 Arnolfumque
362 3148 457 3204 ducem
478 3148 664 3206 Bau'ariorum
690 3149 777 3206 adbuc
798 3149 931 3206 viventem
953 3150 987 3205 de
1009 3149 1183 3207 distractione
1204 3153 1280 3208 mul-

138 3250 229 3300 torum
253 3243 493 3314 monasteriorum,
524 3261 592 3314 quae
619 3244 646 3301 in
675 3244 807 3300 beneficia
837 3244 967 3300 laicorum
994 3244 1098 3315 divisit,
1129 3244 1163 3301 de
1189 3247 1281 3302 multis

139 3337 237 3395 sanctis
257 3343 420 3409 accusatum,
441 3337 568 3409 legaliter
584 3339 759 3411 judicantem,
784 3344 810 3395 et
831 3355 930 3396 enses
950 3340 1032 3396 duos
1052 3339 1155 3396 valde
1175 3341 1279 3397 heri-

138 3435 204 3505 les,
224 3448 319 3490 unum
340 3449 410 3490 cum
431 3434 557 3506 capulo
578 3441 609 3489 et
630 3434 776 3490 alterum
797 3434 870 3490 sine
892 3435 1030 3508 capulo,
1053 3434 1105 3491 sibi
1126 3435 1279 3493 ostenden-

138 3535 192 3586 tem
213 3533 241 3584 et
261 3527 302 3584 sic
320 3528 489 3600 loquentem:
511 3528 605 3599 „„l)ie
626 3529 817 3600 regilienrioc
834 3531 880 3585 ille
897 3529 1025 3600 ensisqui
1042 3530 1156 3586 estsine
1178 3532 1278 3604 capulo

139 3621 273 3696 significat
291 3638 386 3695 regem
406 3622 451 3695 qui
471 3622 527 3679 sine
547 3623 735 3682 benedictione
755 3625 902 3697 pontificali
921 3641 1035 3695 regnum
1055 3625 1168 3696 tenebit,
1188 3610 1279 3699 capu-

137 3718 208 3774 latus
227 3723 316 3773 autom
336 3717 380 3790 qui
400 3717 590 3774 benedictione
611 3719 702 3776 divina
723 3719 803 3792 regni
823 3718 925 3775 tenebit
946 3716 1182 3790 gubernacula.''”

216 3811 333 3871 Saeculo
354 3818 441 3869 autem
455 3811 560 3869 decimo
575 3814 657 3870 tertio
674 3821 728 3871 tam
745 3814 920 3870 communiter
941 3821 1052 3887 recepta
1068 3816 1136 3872 baec
1153 3815 1280 3874 doctrina

140 3913 208 3980 erat,
226 3913 257 3963 ut
275 3912 417 3981 poetarum
434 3908 489 3980 jam
509 3908 536 3964 in
553 3925 601 3965 orn
618 3908 774 3982 devenerit3
795 3915 912 3964 testante
932 3909 1051 3966 carmine
1067 3910 1240 3966 lleinmari
1262 3929 1279 3969 n

139 4004 273 4062 Zwetcr
293 4001 365 4076 quod
385 4003 530 4060 bertholdo
552 4005 737 4062 lintisbonensi
761 4003 788 4059 in
808 4018 932 4060 sermone
952 4021 1000 4061 sco
1021 4004 1055 4061 de
1076 4004 1178 4077 triplici
1198 4022 1279 4064 muro

139 4100 175 4157 ob
195 4098 288 4156 oculos
308 4096 388 4156 fuisse
409 4097 515 4155 uidetur
536 4099 740 4171 (llinnesinger.
760 4099 853 4155 Erstcr
867 4098 950 4156 Tbeil.
975 4099 1152 4157 llanessiscbe
1167 4098 1279 4158 Samm-

139 4195 219 4268 lnng;
234 4222 271 4239 ·-
291 4208 350 4267 erg.
367 4210 393 4251 u.
410 4180 529 4266 bergestss
547 4210 600 4252 von
619 4196 663 4251 Fr.
681 4194 773 4251 lleinr.
790 4210 843 4252 von
862 4195 911 4252 der
926 4194 1029 4267 llagen.
1057 4195 1085 4251 a.
1100 4195 1128 4267 2,
1145 4194 1174 4253 S.
1186 4195 1277 4267 215):

313 4288 382 4362 „iliu
401 4289 512 4347 meister
532 4289 580 4346 der
600 4288 646 4346 bat
665 4305 714 4346 uns
733 4290 863 4363 geslagen

256 4383 326 4443 nwei
345 4389 440 4458 nuent,
460 4383 505 4444 diu
524 4400 619 4445 zuene
634 4383 736 4460 kinigo
755 4385 812 4448 uol
831 4385 880 4447 mit
899 4401 965 4448 cren
983 4384 1110 4446 moebten
1128 4391 1238 4462 magen,
