2722 4898
434 314 769 427 ’.ξω-

83 544 131 596 aut
151 536 250 609 oppida
271 539 393 605 teneant3
413 534 449 591 ob
467 532 519 591 alia
539 538 627 591 autem

80 632 197 708 praedia
234 631 283 685 sub
320 628 457 698 cujusdam
495 628 627 701 principis

80 728 187 784 ditione
218 724 270 780 sita
293 722 444 793 hujusmodi
470 723 627 794 obsequium

79 819 272 897 praestandum
292 832 345 875 non
366 834 424 872 esse
436 820 472 885 ¹).

143 923 273 981 Similiter
298 922 332 977 ab
359 935 392 975 eo
419 919 549 991 obsequio
573 920 627 976 im-

79 1035 177 1077 munes
193 1034 263 1088 esse,
283 1014 305 1071 si
322 1018 400 1070 extra
416 1014 532 1087 patriam
549 1031 627 1072 com-

78 1118 233 1182 morentur,
258 1117 304 1167 aut
323 1109 361 1165 ita
381 1110 463 1180 longe
484 1109 580 1181 absint,
599 1116 629 1166 nt

80 1192 254 1264 conficiendo
287 1203 377 1260 itineri
408 1203 544 1259 octiduum
573 1219 627 1260 non

80 1301 209 1358 sufficiat,
247 1298 414 1355 substituant
434 1304 521 1353 tamen
546 1298 627 1354 mini-

80 1395 232 1454 sterialium
265 1409 372 1449 suorum
405 1392 540 1448 hominum
571 1393 626 1448 ali-

82 1507 179 1563 quem,
212 1488 257 1560 qui
290 1488 445 1560 priusquam
479 1493 626 1542 conventus

83 1585 232 1641 dimittatur
256 1588 369 1664 *caveam
394 1588 453 1638 rata
476 1582 626 1638 habitorum

88 1696 146 1734 esse
170 1678 304 1734 dominum
331 1694 421 1747 suum,
452 1692 626 1748 quaecunque

87 1774 124 1829 ibi
143 1772 299 1845 placuerint.

143 1875 273 1947 Legitima
294 1875 359 1931 alias
376 1876 411 1930 ob
428 1890 519 1930 causas
536 1873 625 1946 impe-

82 1973 155 2028 ditus
178 1972 294 2043 aliquem
320 1985 428 2026 suorum
455 1969 556 2038 mittat,
582 1970 626 2038 qui
678 1952 684 1961 ⁸

77 2052 155 2139 jurat
194 2064 349 2136 impeditum
395 2079 452 2119 esse
493 2062 626 2117 dominum

80 2177 169 2230 suum7
191 2159 366 2229 similiterque
384 2164 509 2228 utsupra
526 2156 627 2211 dictum

80 2261 127 2312 est
149 2261 252 2311 caveat.

164 2365 245 2417 Liberi
257 2363 351 2414 domini
363 2362 528 2431 hominesque
542 2376 624 2430 eque-

118 2453 174 2505 stris
193 2450 287 2501 ordinis
306 2447 456 2500 substituant
473 2448 626 2502 ministeria-

116 2539 166 2590 lem
193 2536 334 2598 hominem‚
361 2532 536 2585 ministeriales
561 2549 625 2586 varo

115 2624 230 2676 homines
243 2623 419 2689 propinquum,
436 2620 479 2686 qui
492 2635 624 2688 quaecun-

119 2726 171 2778 que
189 2709 228 2760 hic
248 2708 340 2773 scripta
358 2713 416 2757 sunt
434 2705 581 2756 observent.

142 2813 265 2886 Caput
287 2811 350 2867 140.
392 2811 431 2865 De
456 2809 625 2865 celebrandis

79 2908 347 2981 archiepiscoporum
360 2905 565 2978 episcoromque
576 2920 624 2974 sy-

80 3003 210 3072 nodis¹).

162 3226 192 3294 1)
220 3225 337 3281 Emenda
363 3226 389 3281 in
415 3221 604 3294 lassbergiano
630 3222 768 3296 exemplo:
799 3224 888 3294 „bant
914 3224 936 3280 si
962 3223 1044 3280 ander
1066 3207 1115 3296 th
1139 3225 1166 3282 in
1191 3224 1215 3281 ir

51 3314 170 3378 'laude
198 3336 228 3377 sc
254 3323 318 3389 [nou
338 3318 426 3391 „So”]
454 3319 505 3374 sint
530 3335 559 3373 se
587 3333 618 3372 ze
644 3317 722 3373 rehte
743 3317 811 3388 lidig
830 3318 891 3374 dus
913 3318 964 3373 sie
988 3320 1053 3387 [nou
1074 3315 1215 3390 „die'']ir
1248 3310 1251 3315 ’

78 3417 132 3472 hol
154 3421 201 3472 nvt
224 3401 324 3471 sichen
343 3408 431 3470 svln.''·
523 3418 531 3437 ⁵

159 3510 191 3581 2)
218 3511 316 3567 Locum
341 3510 428 3579 hunc,
457 3507 638 3563 intermixtum
664 3505 802 3563 sententiis
828 3523 862 3563 ex
887 3507 1003 3581 quodam
1029 3505 1214 3563 ecclesiastico

79 3621 203 3663 sermone
231 3604 397 3678 depromptis
424 3604 511 3674 (‚,l)es
532 3603 636 3673 iunges
655 3602 707 3658 bol
725 3601 776 3658 vnd
797 3602 847 3658 der
866 3604 977 3661 flursten
997 3603 1068 3658 hove
1092 3600 1136 3657 die
1162 3601 1214 3657 sint

81 3701 167 3757 durch
191 3698 269 3756 vride
294 3699 348 3755 vnd
374 3697 478 3771 genade
505 3703 626 3768 gesetuet
652 3697 700 3752 der
722 3696 904 3754 cbristenheit.
932 3697 1020 3755 davon
1046 3696 1087 3752 sol
1111 3712 1172 3751 marr
1191 3695 1215 3753 si

69 3811 167 3867 ·gerne
188 3780 285 3851 sirchen
303 3794 356 3850 vnd
376 3796 416 3851 sol
438 3794 474 3850 olr
494 3807 578 3863 gerne
597 3792 688 3848 halten
708 3808 780 3847 swan
800 3808 860 3848 man
876 3792 909 3848 da
929 3792 1051 3863 gebivtet
1066 3791 1112 3846 hat
1126 3787 1213 3861 etc.'’)

76 3893 133 3962 jam
154 3906 234 3962 snpra
256 3889 363 3944 adhibui
384 3892 424 3961 (p,
439 3888 491 3955 26)
513 3887 540 3943 in
560 3886 723 3943 excutiendo
745 3886 866 3942 smonici
892 3887 954 3943 libri
981 3884 1095 3942 articulo
1115 3884 1211 3957 primo.

80 3983 224 4040 Bavaricus
244 3984 313 4039 liber
333 3988 408 4038 recte
429 3982 473 4036 hic
493 3999 528 4038 ex
549 3981 732 4038 ecclesiastica
753 3981 953 4052 consuetudine,
973 3997 1041 4052 quae
1057 3981 1101 4051 jus
1117 3994 1212 4035 romu-

80 4096 142 4135 num
163 4079 339 4149 sequebatur‚
362 4074 532 4145 synodalium
550 4076 684 4132 hominnm
704 4076 852 4148 perlectam
873 4081 987 4132 aetatem
1007 4075 1099 4131 statuit
1117 4089 1214 4128 annum

81 4174 238 4245 vigesimum
260 4172 377 4243 quintum
398 4170 507 4226 linitum.
548 4170 695 4227 Saronicus
717 4170 850 4244 scriptor,
875 4188 943 4242 qnae
963 4171 990 4226 in
1010 4167 1131 4226 bavarici
1151 4166 1213 4223 libri

80 4269 224 4344 prooemio
245 4268 317 4324 dieta
337 4265 477 4323 inuenerat
502 4264 536 4320 de
561 4265 732 4337 generalibus
759 4266 853 4339 populi
878 4266 992 4322 comitiis
1011 4271 1053 4321 ter
1074 4260 1212 4335 quaternis

80 4364 270 4438 persingulas
292 4360 493 4437 jurisdictiones
518 4359 701 4434 celebrandis,
728 4361 797 4420 male
821 4361 855 4419 ad
875 4360 1074 4419 ecclesiasticas
1093 4355 1211 4431 equetus

972 4470 1006 4524 18
