2722 4898
530 338 768 430 -roa-'

108 543 142 623 jis
164 539 306 622 poblicum
337 558 354 602 a
380 538 535 620 proposito
564 557 620 602 suc
650 539 779 602 alienum
809 545 907 616 esset,
937 544 1079 619 repetere
1109 538 1216 620 procul

112 643 180 707 dnbio
206 644 314 720 noluit,
348 643 502 725 posterior
530 661 605 706 vero
636 642 786 705 saxonici·
803 641 871 704 libri
899 643 1095 725 recognitor,
1130 645 1218 707 aliter

112 749 243 826 ninusqne
261 731 405 827 Juste'ea
428 745 465 807 de
488 764 523 807 re
547 747 691 824 sentiens,
716 762 796 824 quae
818 744 917 809 denno
942 745 1051 809 collato
1070 746 1216 810 bovarico

112 851 166 912 libro
190 849 308 913 deesse
328 850 597 928 animadverterat,
630 850 661 910 in
691 847 758 911 libri
793 849 991 930 appendicem
1025 850 1216 931 conjicienda

114 971 162 1016 esse
182 953 305 1017 censuit.

174 1056 325 1119 Pertinent
342 1073 409 1118 eam
428 1055 466 1117 ad
485 1056 639 1118 materiam
654 1054 790 1118 bavarici
808 1055 875 1119 libri
896 1056 1021 1137 capita
1041 1056 1216 1136 118-144,

115 1159 175 1221 initio
195 1159 230 1222 ab
252 1159 397 1240 eligendo
416 1175 493 1241 rege
515 1165 624 1236 sumto,
648 1177 776 1238 quorum
794 1166 895 1222 tamen
919 1165 1096 1243 argumenta
1114 1160 1218 1241 prins-

116 1279 179 1340 quam
201 1262 231 1324 in
260 1261 462 1344 expendendo
492 1260 543 1323 illo
574 1261 740 1342 appendice
769 1263 942 1326 accuratius
968 1263 1149 1344 perlustrem
1179 1261 1218 1326 ad

116 1362 180 1427 inem
206 1383 286 1429 nunc
314 1364 509 1446 perducenda
543 1364 600 1426 erit
634 1365 769 1428 instituta
799 1365 948 1428 Tancredi
984 1383 1050 1430 cum
1085 1373 1216 1449 utroque

117 1467 263 1547 germanico
285 1467 362 1533 libro
385 1468 516 1532 collatio.

546 1721 756 1792 xxvll.

282 1883 530 1957 Tamcredl
550 1882 859 1970 jardinarium
887 1885 1024 1957 ordo.

519 2028 610 2091 Pars
638 2033 785 2108 quarta.

180 2189 375 2273 Proposuerat
397 2192 454 2256 sibi
472 2192 603 2273 scriptor
622 2191 833 2273 explicandam
852 2192 883 2255 in
901 2200 1039 2256 extrema
1056 2192 1114 2258 bac
1130 2201 1217 2276 parte

120 2295 258 2358 materiem:

240 2400 298 2478 „de
322 2399 491 2478 sententiis,
515 2400 732 2464 sententiarum
754 2401 1015 2480 exsecutionibus,
1038 2401 1218 2482 appellatio-

240 2504 328 2566 nibus
351 2510 381 2565 et
403 2503 593 2566 restitutione
620 2503 650 2564 in
674 2503 857 2588 integrum.'’

180 2601 375 2669 Referendum
396 2614 444 2669 est
467 2607 505 2669 ad
528 2606 679 2668 Tancredi
702 2607 832 2671 titulum:

339 2703 360 2777 l
385 2704 423 2777 de
445 2703 606 2778 sententiis
629 2707 662 2777 et
681 2703 965 2778 interlocutionibus

120 2799 224 2874 bavarici
245 2813 328 2876 libri:

181 2912 291 2997 Caput
314 2916 385 2981 145.
424 2916 600 2996 Ubicunque
630 2917 768 2999 perpetui
790 2916 926 2998 judicum
949 2934 1126 2982 assessores
1150 2923 1217 2982 sta·

121 3010 156 3072 tuti
172 3017 234 3097 sint,
263 3038 304 3082 ex
331 3004 436 3083 eorum
466 3021 614 3083 sententia
644 3038 884 3101 unamquamque
915 3038 1038 3085 causam
1063 3021 1215 3085 delinien-

121 3109 167 3178 dtn
185 3139 259 3185 esse.

181 3224 241 3298 (luo
263 3225 365 3289 habitu
383 3226 555 3307 judicantes
579 3226 740 3298 conveniat
768 3228 798 3288 in
822 3229 977 3291 sententiis
1000 3227 1136 3291 ferendis
1160 3228 1218 3292 ad-

119 3316 207 3391 cinctos
228 3346 308 3393 esse.
345 3329 482 3410 lnpransi
500 3331 622 3412 judices
645 3331 676 3393 in
700 3330 806 3411 capitis
828 3349 900 3395 reos
923 3337 1064 3402 statuant.

533 3580 772 3655 xxvlll.

176 3742 243 3808 Post
267 3750 357 3825 capnt
379 3743 417 3806 de
439 3743 597 3806 sententiis
621 3742 756 3807 ferendis
774 3743 909 3807 bavarici
926 3742 995 3805 libri
1018 3741 1218 3804 concinnator

115 3836 239 3928 interjecit
262 3847 411 3929 sepositas
433 3849 517 3928 prius
539 3854 626 3909 notas
650 3847 688 3909 ad
711 3845 897 3927 posteriores
914 3844 1123 3925 Bajuariorum
1141 3843 1218 3927 legis

114 3940 205 4030 titulos,
229 3969 308 4031 qnae
333 3949 540 4032 dijudicandas
564 3965 674 4011 causas
698 3948 803 4010 civiles
827 3953 999 4028 spectantes
1022 3947 1093 4010 huic
1116 3947 1216 4027 potis-

113 4045 195 4114 tinmn
225 4054 297 4116 loco
331 4053 498 4115 convenire
531 4052 587 4114 sibi
615 4049 804 4113 videbantur.
854 4049 1028 4129 Sequuntur
1055 4051 1157 4129 itaque
1187 4049 1218 4110 in

110 4141 166 4221 juris
198 4155 365 4220 communis
397 4154 466 4216 libri
502 4154 648 4235 capitibus
678 4150 855 4215 loc-171
885 4152 986 4214 variae
1014 4151 1090 4231 juris
1121 4151 1218 4214 civilis

112 4260 293 4338 quaestiones,
316 4258 472 4339 subjectae
488 4257 699 4338 Bajuariorum
722 4255 800 4338 legis
823 4254 916 4316 titulis
935 4273 953 4316 a
971 4253 1089 4318 decimo
1108 4259 1218 4334 quarto

112 4367 192 4436 llam
210 4362 253 4426 ad·
267 4362 416 4426 decimum
438 4366 589 4440 octavum,
611 4374 697 4440 quas,
719 4358 751 4421 ni
773 4356 863 4421 fallor
880 4357 963 4438 qnod
985 4375 1124 4442 namnam
1142 4374 1217 4439 par-
