2722 4898
608 342 845 411 ..232-

158 525 197 591 ad
220 522 389 606 exemplum
418 520 525 606 capitis
552 519 690 586 bavarici
716 520 785 585 libri
807 521 887 602 220,
917 520 999 602 quod
1028 537 1121 604 supra
1144 524 1192 604 (p.
1211 518 1293 598 145)

158 629 277 710 monui,
302 627 410 711 procul
433 626 524 691 dubio
548 627 587 690 ob
610 625 781 710 argumenti
803 625 1008 691 difficultatem
1031 625 1168 708 aprime
1192 643 1294 690 saxo-

157 735 229 797 nico
252 731 402 813 scriptore
424 731 569 797 omissum
590 747 678 810 esse3

244 835 380 918 ejusdem
397 834 474 898 libro
492 833 518 896 ΙΙ
536 834 682 898 articulus
698 831 741 898 72
755 814 876 898 verbis:
896 831 1027 914 „bornen
1045 833 1122 896 eber
1137 832 1191 895 die
1212 852 1296 898 roc-

159 941 231 1004 bere
253 940 354 1003 wider
374 939 416 1020 cf
433 938 494 1002 daz
515 937 574 1000 bes
595 937 661 1000 end
683 937 741 1000 der
758 937 836 1000 roob
855 937 916 1000 der
933 939 975 1020 cf
987 937 1064 1000 oder
1081 937 1124 1000 dc
1145 955 1233 1001 vore.
1258 955 1295 1000 so

156 1043 200 1104 ist
222 1043 274 1105 die
296 1043 375 1124 burg
393 1041 535 1106 sebaldie
558 1061 599 1104 on
618 1041 676 1104 der
693 1041 773 1118 tct’',
797 1059 875 1122 quae
897 1040 1083 1121 respondent
1106 1040 1214 1121 capitis
1229 1037 1294 1103 253

157 1145 274 1210 verbis:
304 1146 382 1222 „bet
407 1164 479 1225 man
503 1145 580 1208 aber
603 1145 670 1208 dem
691 1145 787 1208 roebe
808 1143 891 1208 noeb
912 1145 1054 1225 pecctpet
1075 1150 1151 1206 ento
1172 1144 1212 1225 cf
1229 1143 1291 1206 das

157 1248 226 1312 buc.
250 1249 310 1312 dos
332 1268 367 1311 es
389 1249 458 1311 otro
479 1249 520 1313 si.
544 1249 596 1312 die
619 1249 720 1328 tepent
742 1248 799 1311 des
820 1249 928 1311 wirtcs
949 1248 1059 1328 pesicp
1081 1247 1179 1323 bin”,·

241 1352 311 1414 libri
331 1351 371 1416 ltl
391 1351 510 1415 articuli
530 1352 573 1417 42
594 1352 706 1415 verba:
735 1351 848 1431 „Noctu
873 1351 997 1414 recbter
1017 1351 1152 1414 werbeit
1179 1369 1218 1413 ro
1241 1349 1298 1414 bot

158 1454 355 1536 eigeoscbaft
377 1455 469 1535 begin
491 1474 552 1518 oon
574 1461 736 1538 pecccare
758 1454 824 1517 end
841 1473 903 1518 ooo
918 1453 1122 1534 pecencnisse
1139 1454 1234 1531 ete.’',
1257 1472 1299 1517 ex

158 1557 294 1623 bavarioi
316 1557 387 1620 libri
409 1559 508 1641 eapite
531 1558 595 1622 308
618 1557 717 1635 (conf.
740 1576 769 1641 p.
787 1557 869 1631 219)
876 1580 885 1638 3

314 1661 453 1726 tandem:

243 1764 311 1827 libri
332 1764 371 1828 lll
394 1771 450 1828 art.
472 1764 509 1827 51
540 1766 578 1828 de
606 1766 704 1829 avium
732 1765 919 1844 aliorumque
947 1764 1117 1827 animalium
1144 1762 1298 1826 aestima-

159 1866 258 1946 tione,
292 1885 382 1948 quem
410 1886 499 1931 nemo
529 1886 591 1931 non
618 1867 701 1932 videt
729 1876 911 1949 conceptum
944 1884 1014 1932 esse
1049 1868 1088 1931 ad
1119 1867 1299 1930 imitantium

157 1970 334 2037 bavaricum
363 1971 561 2052 scriptorem,
590 1972 643 2052 qui
664 1971 873 2053 Bajuariorum
899 1971 977 2054 legis
1002 1972 1104 2035 titulos
1134 1970 1173 2033 de
1201 1969 1300 2035 variis

159 2092 268 2138 canum
296 2073 456 2154 aviumque
484 2074 741 2139 aestimationibus
770 2076 908 2158 integros
936 2074 1003 2138 fere
1024 2075 1104 2139 libro
1126 2090 1185 2138 suo
1209 2074 1300 2137 inse-

159 2176 220 2239 ruit
243 2177 390 2259 capitibus
414 2176 607 2244 333-345.

245 2484 329 2551 Haec
346 2485 446 2567 habui,
470 2506 548 2568 quae
570 2495 603 2552 ut
620 2489 775 2570 praefatus
797 2509 873 2569 sum,
898 2487 1073 2570 speciminis
1093 2494 1210 2551 tantum
1227 2487 1302 2551 loco

161 2609 363 2673 proponerem
380 2591 419 2654 de
436 2592 575 2656 saxonici
594 2593 710 2673 speculi
728 2593 847 2677 origine
865 2613 906 2657 ex
921 2594 998 2676 juris
1017 2591 1186 2656 communis
1208 2591 1301 2669 libro,

162 2695 290 2760 sueviae
314 2696 439 2777 speculo
463 2697 609 2778 appellari
632 2697 732 2762 solito.
776 2698 863 2761 Plura
887 2715 953 2760 eam
976 2697 1094 2760 iurem
1117 2702 1302 2778 argumenta

161 2799 267 2861 afferri
288 2805 423 2880 possent,
448 2817 546 2880 eaque
569 2800 763 2884 gravissima,
790 2809 887 2864 sumta
910 2820 950 2864 ex
972 2809 1110 2865 veterum
1132 2799 1301 2881 exemplo-

161 2921 227 2965 rum
258 2901 465 2982 conditione,
479 2921 519 2966 ex
548 2904 714 2970 rationibus
738 2904 961 2989 grammaticis,
988 2923 1030 2969 ex
1056 2903 1238 2969 testimoniis
1263 2902 1301 2965 de

161 3005 289 3087 pristino
318 3005 477 3086 utriusque
506 3005 573 3069 libri
602 3026 675 3088 usu,
710 3027 750 3071 ex
778 3008 923 3072 librorum
951 3015 1011 3071 tam
1041 3007 1180 3072 saxonici
1209 3023 1302 3087 quam

161 3107 298 3172 bavarici
322 3109 359 3171 de
378 3110 449 3190 June
472 3107 631 3174 feudorum
653 3110 826 3191 collatione,
853 3130 993 3193 quaeque
1016 3112 1047 3175 id
1070 3129 1170 3196 genus
1194 3109 1303 3173 similia

163 3210 219 3274 sub
239 3229 369 3275 examen
392 3214 568 3277 revocanda
589 3221 688 3278 erunt.
726 3213 766 3277 At
788 3215 919 3296 scriptus
941 3216 991 3277 hic
1014 3214 1133 3278 libellus
1156 3221 1215 3294 est,
1239 3231 1303 3277 uon

162 3322 195 3378 ut
212 3315 275 3397 Jam
297 3334 378 3379 nunc
395 3317 516 3397 quidem
538 3318 575 3382 ab
595 3318 675 3381 omni
693 3324 779 3399 parte
799 3326 1008 3402 argumentum
1024 3318 1095 3381 mihi
1110 3318 1304 3400 propositum

163 3419 372 3499 absolverem,
401 3421 457 3484 sed
485 3440 525 3484 ne
551 3422 662 3485 diutius
690 3421 862 3486 cunctando
888 3429 1003 3486 temere
1026 3440 1094 3486 eam
1115 3422 1303 3487 seutentiam

163 3523 242 3585 tueri
264 3523 432 3604 existimer,
460 3542 539 3605 quae
562 3531 630 3587 ante
652 3524 709 3589 hos
733 3543 791 3590 sen
813 3525 879 3588 lere
900 3543 1022 3590 menses
1046 3545 1065 3589 e
1087 3524 1204 3590 scholis
1226 3524 1304 3587 meis

164 3626 204 3688 ad
226 3626 377 3707 publicam
398 3628 533 3692 virorum
555 3628 743 3693 eruditorum
765 3630 899 3693 notitiam
924 3630 1041 3712 perlata
1063 3636 1112 3693 est
1138 3604 1304 3711 (Linde,

164 3728 309 3795 Zeitscbr.
338 3731 424 3795 Neue
443 3732 549 3816 Fulge.
579 3731 634 3796 Bd.
648 3731 724 3814 Vlll,
747 3732 777 3799 S.
794 3732 886 3808 294).
989 3737 990 3740 ’
