2722 4898
562 354 777 419 ..54-

160 532 272 589 Remoto
289 530 410 600 legitimo
435 536 524 586 tutore
547 528 646 599 judicis
757 525 842 595 „Men
860 525 908 580 sci
921 523 952 578 in
967 523 1159 580 balernensem
1182 523 1236 578 dua

108 641 168 682 csse
188 626 285 682 tutoris
304 625 448 680 dationem.
698 623 744 676 ist.
759 619 1087 675 mansalimcer'rteiien
1097 618 1237 672 allecor-

160 720 242 773 Tutcr
256 719 385 791 perfidiae
397 719 552 789 quibusnam
565 716 647 771 testi·
698 713 892 783 muntsckcplt.
913 713 970 768 sint
988 713 1032 768 sie
1048 712 1096 767 dic
1113 711 1239 766 rictam

110 813 204 869 moniis
220 812 419 868 convincendus
440 812 481 866 sit.
700 811 751 864 der
770 824 883 863 unomen
902 801 1085 861 vermunde.”

599 1072 748 1140 xlll.

194 1213 277 1277 Loco
296 1212 334 1274 dc
352 1219 482 1274 tutorum
502 1211 626 1291 perfidia
642 1209 829 1275 subnectitur
847 1210 876 1271 in
893 1209 1038 1273 bavaricc
1053 1207 1132 1271 libra
1149 1222 1239 1270 corn-

108 1315 304 1378 mentariclus
321 1315 358 1377 de
377 1314 536 1376 tutelarum
553 1315 802 1394 curationumque
821 1313 902 1394 jure,
925 1311 976 1391 qui
993 1318 1092 1374 utrum
1117 1303 1239 1391 abipso

108 1417 176 1479 libri
199 1424 324 1480 auctore
347 1417 539 1498 compositus,
564 1435 601 1478 an
625 1416 743 1479 aliunde
766 1416 876 1497 petitus
900 1412 947 1494 sit,
970 1414 1000 1476 in
1022 1400 1123 1476 medio
1141 1412 1241 1474 relin-

111 1536 209 1598 quam.
256 1519 408 1581 Pertincnt
436 1537 474 1580 cc
507 1519 613 1599 paucis
646 1520 784 1601 exceptis
815 1519 914 1599 capitu
943 1534 959 1578 a
989 1516 1240 1599 quinquagesimo

109 1638 207 1701 usque
231 1621 268 1683 ad
291 1621 544 1701 septuagesimum
568 1640 689 1684 nonum.
736 1619 839 1702 Capita
862 1628 962 1682 tamen
983 1636 1063 1699 quae
1086 1619 1241 1698 quinqua-

112 1725 257 1806 gesimum
286 1742 397 1785 nonum
426 1724 610 1786 antecedunt
632 1723 769 1803 perfectu
787 1724 850 1803 jam
872 1723 947 1784 libro
971 1722 1085 1783 inserta
1109 1721 1241 1783 credere

23 1815 26 1819 ’
110 1825 219 1902 malim,
241 1826 347 1904 partim
371 1824 409 1886 ub
433 1844 534 1887 rerum
557 1828 778 1905 propositarum
796 1825 925 1904 ineptius
946 1824 1143 1902 ordinemque
1167 1840 1242 1885 sae-

110 1927 177 2007 pius
201 1926 366 2004 turbatum,
395 1928 501 2005 partim
525 1929 607 2006 quod
630 1929 735 2010 capitis
759 1928 875 1990 demum
900 1926 1144 2007 quinquagesimi
1170 1925 1243 1987 nuni

110 2029 257 2108 principio
281 2029 412 2107 scriptor
434 2029 546 2090 indicat
570 2032 717 2111 agendum
741 2029 790 2091 hic
812 2047 883 2092 esse
902 2030 941 2091 de
958 2029 1108 2109 personis,
1132 2028 1242 2106 quibus

110 2130 223 2192 tutelae
244 2131 459 2214 curationesve
478 2132 707 2193 committendae
731 2134 799 2194 sint.
834 2132 933 2194 Locus
957 2131 1034 2193 enirn
1059 2131 1166 2210 capitis
1185 2129 1241 2190 50:

62 2229 65 2233 ’
111 2231 194 2311 „vnn
210 2231 266 2293 dan
289 2248 324 2292 er
338 2233 464 2292 nimmer
478 2233 605 2314 phleger
626 2254 674 2296 rne
698 2253 764 2296 mac
787 2234 905 2317 gesin'’,
929 2233 1100 2296 continuari
1121 2233 1243 2295 videtur

112 2332 218 2414 capitis
234 2332 275 2394 59
289 2333 407 2396 uerbis:
432 2334 507 2412 „Hie
530 2337 617 2397 sulen
633 2337 690 2399 wir
712 2338 860 2417 sprechen
880 2355 945 2398 wer
967 2335 1090 2398 uerehte
1113 2335 1243 2417 phleger

110 2448 178 2497 mac
201 2435 288 2518 gesin
312 2436 389 2497 oder
410 2454 475 2498 wer
498 2436 543 2498 sin
566 2439 606 2498 nit
628 2458 695 2501 mac
718 2439 836 2521 gesin.”

196 2534 358 2600 Videamus
382 2538 508 2618 primum
527 2552 676 2618 quaenam
701 2548 878 2623 argumenta
902 2541 979 2603 mate
1003 2558 1019 2602 a
1039 2541 1170 2604 librariis
1193 2540 1243 2603 hic

112 2639 226 2703 inserta
248 2648 422 2720 appareant.

115 2858 118 2865 .
170 2809 295 2882 anut
323 2809 370 2866 51.
415 2811 519 2867 Exacto
547 2812 651 2868 decimo
761 2814 820 2869 Art.
832 2814 894 2870 25..
907 2806 1064 2883 „iirsincn
1083 2822 1170 2887 tayen
1185 2816 1246 2872 mad

112 2910 212 2960 octavo
229 2903 324 2959 aetatis
341 2917 409 2958 anno
426 2921 525 2975 regere
544 2907 650 2970 unicui-
703 2926 743 2964 nc
761 2909 842 2964 sim
862 2916 948 2980 tugen
963 2917 1022 2964 mut
1038 2908 1087 2965 dia
1104 2924 1173 2965 man
1190 2909 1248 2965 vol

111 3013 164 3068 que
180 2996 204 3052 si
216 2996 283 3051 velit
298 3013 326 3051 se
342 2996 426 3067 ipsum
440 2996 532 3054 licere.
558 2999 650 3054 Karo-
703 3003 859 3059 wermunda
883 3001 985 3059 baben.
1011 3001 1045 3063 ob
1065 3001 1118 3057 lter
1136 3002 1164 3057 in
1190 3001 1243 3059 he-

112 3091 166 3145 lum
182 3096 270 3144 tamen
287 3105 410 3160 magnum
426 3091 547 3146 statuisse
563 3094 651 3148 mino·
704 3084 824 3167 darplt.”

112 3182 187 3237 ribus
197 3181 294 3252 viginti
304 3175 503 3254 quiuque'annis
514 3193 652 3242 curatores

111 3275 242 3348 petendos
259 3291 326 3332 esse.

169 3364 278 3441 Caput
292 3369 336 3426 52.
357 3370 498 3442 Puberem
512 3372 529 3428 i.
542 3390 566 3429 e.
579 3390 650 3445 qua-

111 3456 262 3519 murteum
278 3478 405 3520 annornm
415 3464 541 3536 juvenem
555 3468 660 3524 existis

111 3556 189 3626 muri,
213 3555 258 3628 qui
278 3562 395 3613 stratore
416 3558 535 3615 adhibito
556 3578 653 3632 equum

111 3647 205 3719 giudic
224 3650 327 3707 cinctus
351 3657 378 3707 et
403 3652 497 3707 iancea
522 3661 652 3728 scutoque

111 3748 228 3801 armatus
247 3745 413 3816 mandere,
442 3753 470 3802 ct
495 3750 556 3804 vetti
581 3767 652 3822 equo

110 3852 162 3908 per
182 3836 248 3892 tuas
268 3839 348 3893 horas
368 3840 465 3896 valeat.

170 3928 276 4002 Caput
295 3931 340 3988 53.
367 3933 472 3990 Tutoris
488 3938 649 3993 auctoritate
759 3941 817 3996 Art.
830 3942 875 3999 25.
900 3944 1000 4014 „Smer
1012 3943 1088 4000 sines
1102 3960 1244 4003 vomun-

43 4031 46 4036 ’
111 4023 158 4078 ubi
182 4039 232 4078 reo
257 4040 324 4096 opus
349 4026 397 4096 sit,
424 4027 493 4083 diem
520 4047 535 4084 a
558 4030 649 4100 judice
703 4035 808 4090 daran
827 4037 989 4095 tantnictt
1006 4057 1041 4096 ne
1061 4040 1112 4095 tat
1131 4040 1246 4098 setene

112 4115 226 4175 dudum
245 4134 321 4191 sue,
346 4127 376 4176 nt
394 4127 468 4179 tutor
487 4121 523 4178 ad
543 4139 649 4179 cuasam
703 4126 825 4201 ircnqea
844 4147 881 4186 aar
898 4149 944 4188 nte
959 4133 1097 4191 nuiesten
1112 4141 1181 4207 tayo
1197 4136 1245 4192 dte

110 4215 233 4273 nocetur.
702 4223 848 4296 uzqeleqct
865 4225 928 4281 wirt
944 4244 1001 4283 eon
1014 4217 1158 4300 qcricittes
1174 4228 1245 4286 hai-

701 4330 754 4374 nen
773 4334 864 4378 ummo
883 4321 944 4381 sine
964 4317 1074 4399 ctaqe.’'
