2722 4898
192 1533 619 1623 ,insumentes-mm
641 1531 808 1604 breuis
830 1528 1087 1617 expositio.

568 1749 715 1757 ——00--n

178 1934 198 1989 l.
228 1932 301 1989 luris
321 1934 466 1991 communis
486 1934 551 1991 libri
571 1934 668 2006 fontes,
687 1934 776 1991 natale
796 1932 882 1990 solum
903 1936 931 1989 et
950 1936 1024 1989 aetas
1045 1933 1085 2005 (p.
1103 1929 1144 2001 1).

166 2028 197 2084 ll.
229 2028 357 2086 saxonici
372 2030 441 2102 juris
461 2022 557 2087 librum
577 2046 630 2088 non
647 2029 748 2086 Ecconi
765 2028 798 2085 de
811 2027 956 2101 Repcbove
976 2032 1091 2100 accepto
1110 2026 1205 2084 leren-

229 2123 290 2179 dum
311 2142 384 2197 esse,
409 2126 457 2182 sed
476 2126 606 2199 scriptum
626 2125 730 2197 videri,
756 2130 785 2181 ut
808 2122 1028 2197 septentrionalis
1049 2120 1208 2180 Germaniae

230 2220 319 2277 usibus
339 2221 564 2279 accomodaretur
580 2220 650 2293 juris
670 2219 816 2277 communis
836 2219 907 2274 liber
928 2222 969 2292 (p.
985 2217 1028 2287 7).

325 2322 453 2376 Ecconem
467 2323 603 2377 verisimile
621 2339 681 2377 esse
695 2321 822 2375 annalium
834 2320 925 2374 librum
939 2328 982 2373 ant
995 2318 1133 2373 vernaculo
1148 2334 1207 2372 ser-

279 2425 354 2461 mone
372 2411 517 2479 scripsisse,
535 2420 578 2463 aut
596 2427 629 2463 ex
644 2409 724 2463 latino
738 2407 904 2463 vernaculum
917 2407 1011 2460 fecisse
1028 2408 1067 2476 (p.
1077 2407 1093 2458 7
1105 2415 1157 2458 not.
1168 2406 1206 2471 1).

155 2504 197 2559 lll.
230 2503 391 2562 Saxonicum
411 2508 573 2581 scriptorem
592 2507 720 2564 nonnulla
735 2507 829 2562 bansta
844 2524 880 2563 ex
895 2505 1016 2562 adhibito
1032 2503 1101 2576 juris
1121 2519 1206 2561 saxo-

228 2600 281 2655 nici
302 2601 470 2677 municipalis
491 2603 562 2659 libro
583 2601 662 2676 operi
681 2617 730 2657 suo
750 2601 904 2657 inseruisse.

151 2693 198 2751 lV.
228 2695 276 2750 lus
296 2696 452 2753 saxonicum
475 2697 502 2753 in
521 2703 578 2754 tres
597 2697 683 2755 libros
704 2695 863 2752 articulatim
884 2695 1015 2766 digest-um
1035 2693 1070 2750 ad
1089 2699 1207 2750 nostram

229 2807 312 2863 usque
332 2798 448 2849 aetatem
464 2793 534 2865 juris
554 2809 607 2850 non
627 2792 722 2865 scripti
743 2790 930 2848 auctoritatem
950 2789 1106 2846 obtinuisse.

280 2887 381 2953 Quibus
408 2887 441 2945 de
467 2888 555 2945 causis
580 2888 608 2944 in
628 2886 828 2944 desuetudinem
854 2885 953 2942 abierit
972 2884 1042 2956 juris
1062 2883 1207 2940 eommunis

228 2979 298 3037 liber
319 2985 361 3055 (p.
379 2981 438 3053 11).

162 3073 197 3131 V.
226 3076 371 3149 Antiquom
391 3077 578 3149 Bajuariorum
597 3078 697 3151 legem,
718 3078 793 3149 cujus
813 3076 914 3133 scholia
935 3074 1051 3149 margini
1071 3075 1206 3148 adscripta

225 3171 339 3243 primam
356 3174 425 3244 juris
441 3174 587 3231 communis
602 3174 665 3231 libri
682 3172 820 3231 materiem
840 3172 1088 3246 suppeditaverunt,
1108 3171 1204 3244 dispo-

226 3267 304 3320 sitam
323 3283 384 3321 csse
404 3267 438 3323 ad
458 3269 597 3326 titulorum
621 3269 719 3325 seriem
744 3268 771 3323 in
792 3267 968 3325 mosaicarum
988 3274 1016 3323 et
1035 3281 1205 3323 romanorum

225 3359 316 3430 legum
337 3361 482 3418 collatione
504 3368 544 3436 (p.
561 3363 620 3433 12).

151 3452 197 3509 Vl.
228 3454 352 3511 anarici
372 3456 435 3512 libri
455 3456 482 3512 in
501 3457 555 3514 boc
575 3457 722 3531 specimine
740 3455 902 3514 mentionem
921 3454 1122 3527 intelligendam
1143 3470 1205 3511 esse

227 3550 260 3606 de
271 3550 340 3621 juris
354 3551 499 3609 communis
512 3552 595 3624 libro,
610 3552 722 3609 suevico
737 3551 848 3627 speculo
861 3550 994 3608 nominari
1008 3549 1100 3622 solito,
1119 3564 1203 3606 saxo-

225 3644 279 3700 nici
299 3646 333 3702 de
353 3647 434 3718 libro,
455 3648 585 3704 saxonico
605 3648 717 3720 speculo
739 3647 866 3720 deinceps
886 3646 1033 3719 appellato.

261 3740 378 3807 ‘Quibus
399 3743 529 3816 exemplis
554 3760 616 3799 usus
641 3742 676 3798 sit
699 3741 853 3816 speciminis
872 3741 950 3812 hujus
970 3746 1065 3798 auctor
1086 3741 1128 3813 (p.
1144 3739 1203 3809 15).

276 3844 450 3898 novarien
472 3845 559 3899 ltbrt
582 3858 670 3910 pm
692 3846 809 3909 piton.
845 3835 952 3892 Notae
973 3833 1012 3891 ad
1032 3834 1201 3907 antiquam

226 3929 464 4001 bajuariorum
484 3932 605 4006 legem

139 4020 196 4079 Vll.
226 4025 297 4080 Loca
312 4025 381 4097 juris
401 4027 547 4084 eommunis
566 4028 630 4086 libri
649 4028 742 4085 bansta
762 4042 797 4083 ex
816 4024 887 4083 notis
908 4025 942 4083 ad
962 4024 1086 4098 autiquae
1101 4025 1200 4096 bajua-

225 4119 328 4176 riorum
348 4120 417 4192 lcgis
437 4120 541 4179 titulum
561 4123 581 4180 l.

123 4213 195 4273 Vlll.
225 4216 296 4274 toea
322 4216 392 4288 jnris
422 4217 568 4278 communis
600 4218 664 4277 libri
697 4215 884 4278 convenientia
914 4215 1099 4288 bainariorum
1131 4214 1203 4287 legis

224 4311 304 4372 titulo
322 4312 348 4372 ll
367 4312 485 4390 (1121).
