2722 4898
678 343 893 412 ...04-

256 565 259 571 .
275 517 391 600 Caput
404 516 475 582 102.
490 514 654 583 citationes
665 535 760 600 prae-

222 622 310 686 conis
321 638 441 702 munus,
456 638 515 684 neo
530 621 645 702 abipso
657 621 761 704 judice

221 723 378 788 faciendas
396 742 476 790 esse.
507 724 640 788 Absente
654 724 759 806 J'udice

181 898 184 908 ,
221 828 380 892 citationes
402 844 517 908 praeco
539 825 658 890 etiamsi
679 827 760 891 nullo

219 930 439 993 interveniente
470 929 595 992 decreto
628 929 759 1012 legitime

219 1032 429 1115 procurandas
450 1032 636 1111 susceperit,
660 1032 760 1096 redux

218 1142 319 1199 tamon
334 1135 431 1216 judex
449 1151 511 1196 non
530 1133 568 1197 ob
586 1135 759 1198 citationem

219 1238 338 1320 injussu
353 1253 409 1302 suo
425 1235 536 1300 factam
548 1237 667 1302 differat
682 1255 760 1300 cau-

220 1356 274 1425 sae
294 1337 507 1426 cognitionem.

861 1428 920 1484 Art.
935 1427 981 1483 49.
1013 1426 1108 1484 Statim
1128 1427 1269 1500 proscribe

809 1539 867 1579 esse
893 1522 1011 1579 criminis
1036 1539 1127 1594 reum,
1153 1524 1199 1596 qui
1223 1541 1269 1582 eva

810 1619 832 1674 si
852 1617 1007 1690 priusquam
1029 1633 1085 1674 uox
1104 1619 1269 1676 interveneri

804 1711 923 1783 judicem
937 1717 1014 1768 actor
1027 1712 1164 1785 querelam
1178 1730 1254 1770 suam
1268 1748 1269 1755 κ

808 1804 880 1874 ierit,
904 1806 1059 1879 crimenque
1079 1823 1144 1863 vere
1164 1815 1269 1882 perpetu

809 1915 868 1955 esse
894 1906 979 1955 semet
1009 1901 1152 1973 septimus,
1181 1892 1213 1958 ut
1241 1903 1269 1960 di

809 1999 972 2066 protestatus
992 1995 1082 2053 fuerit.
1120 1997 1241 2054 Abseute
1262 2015 1269 2055 t

804 2088 898 2160 judice
925 2091 1054 2163 praeconi
1080 2091 1152 2163 quod
1177 2092 1269 2149 sactun

807 2190 884 2239 actor
916 2185 1040 2257 nunciet,
1071 2203 1121 2242 neo
1154 2187 1269 2262 proscrip

808 2277 906 2348 obstet,
926 2293 979 2334 nou
1000 2279 1095 2335 eodem
1116 2280 1170 2352 die,
1193 2292 1248 2354 quo

808 2370 914 2427 missum
927 2377 968 2428 est
979 2373 1090 2445 crimen,
1102 2373 1136 2430 ad
1142 2375 1264 2448 judicem

807 2482 859 2538 que
874 2467 940 2525 laesi
956 2468 1094 2540 querelam
1111 2469 1227 2528 delatam
1243 2488 1269 2530 es

276 2556 382 2631 Caput
404 2556 458 2613 103
485 2557 519 2613 ad
543 2559 641 2615 verba:
677 2561 757 2628 „ond

218 2653 270 2710 der
289 2653 380 2709 ribter
399 2652 459 2708 coit
479 2653 518 2708 da
537 2653 627 2709 bama
645 2648 715 2709 ist'’.·

197 2750 199 2754 “
275 2745 364 2802 citato
392 2746 492 2802 nullum
517 2746 616 2804 afferre
642 2748 755 2820 praeju-

216 2839 315 2899 dicium
339 2841 491 2913 neglectum
520 2842 553 2897 ab
580 2841 638 2914 ipso
660 2840 754 2913 judice

216 2935 386 2998 constitutam
402 2934 500 3006 judicii
520 2934 591 2990 diem
603 2939 640 3003 ι).

305 3142 351 3217 tt.
383 3144 426 3218 Ito
448 3143 678 3218 contumacibus
699 3148 731 3220 ot
752 3163 812 3218 nou
832 3146 1023 3222 vementibus
1044 3149 1083 3222 ad
1099 3149 1261 3242 jutitiam

278 3301 397 3384 Caput
426 3300 486 3366 103
515 3303 623 3370 titb.
672 3303 752 3367 Pro-

214 3405 385 3489 scriptionis
407 3405 530 3470 vinculo
560 3407 753 3487 constrictus,

213 3509 271 3572 nisi
297 3514 407 3592 purget
435 3509 665 3588 contumaciam,
694 3526 753 3573 co-

213 3631 277 3676 ram
311 3612 464 3692 superiori
497 3627 619 3690 quoque
646 3612 753 3693 judice

211 3721 282 3797 post
303 3721 422 3778 sextam
442 3713 653 3777 hebdomadem
673 3733 752 3795 pro·
862 3718 864 3722 ’

212 3816 386 3899 scriptionis
418 3817 481 3900 legi
514 3816 662 3880 obnoxius
689 3817 751 3896 fiat,

211 3921 352 4000 idemque
375 3920 520 4002 deinceps
543 3938 645 3983 coram
668 3938 751 4001 quo-

213 4071 417 4080 ...κ-ῥ-

210 4145 390 4205 distrahendis
410 4144 444 4201 ad
464 4149 609 4203 extraneos
630 4151 731 4202 tantum
752 4145 889 4202 debitores
909 4147 996 4204 refert
1011 4149 1115 4206 verbis:
1136 4150 1201 4223 „die
1217 4153 1252 4210 da

212 4240 425 4316 diugpblicbtich
444 4240 492 4297 uis.
513 4241 583 4297 noch
604 4257 636 4297 uu
656 4241 797 4296 autworde
817 4239 889 4296 nicht
908 4241 977 4297 nis.''

216 4354 220 4359 ·
289 4335 321 4408 1)
341 4336 470 4412 Repetita
485 4341 525 4394 est
545 4337 613 4392 baec
632 4334 763 4393 sententia
783 4351 818 4391 ex
838 4334 927 4409 capite
943 4335 1007 4397 104.
