2722 4898
1059 306 1073 337 Ἰ

559 370 798 441 ..265-

109 544 224 602 ditionis
256 541 391 601 hominem
422 542 526 602 dimidii
561 546 676 603 saltem
707 546 794 603 boren
823 561 879 602 cco
904 547 983 602 deme
1011 545 1096 604 tonde
1125 547 1164 605 do
1188 546 1244 605 dos

108 640 209 696 rustici
237 639 344 712 praedii
374 656 571 714 possessorem
605 658 655 698 nec
706 640 833 715 periclito
850 640 955 697 deenen
971 640 1065 714 lepetl.
1095 642 1149 698 Die
1164 642 1248 700 dodel

109 736 161 791 alii
194 735 318 806 cuiquam
351 735 497 791 sententiae
530 736 655 793 executio
707 735 799 791 solco
812 735 962 792 mincisten
974 735 1065 792 buben
1081 737 1245 809 epuchoibe

110 830 141 885 in
173 828 272 902 capitis
305 829 444 886 damnatos
475 831 655 887 committatur
707 829 780 887 buce
799 825 934 905 cipeois.’'

110 923 200 994 (coni.
222 940 246 979 c.
261 923 341 993 126).

194 1026 250 1080 Lit.
268 1042 290 1078 c.
315 1024 461 1079 cohaerens
475 1028 589 1092 notulae,
606 1042 655 1080 cu-

142 1112 188 1180 jus
206 1121 379 1181 argumentum
397 1129 474 1182 supra
490 1113 605 1178 exhibui,
623 1113 655 1165 de

142 1199 247 1265 judiciis
269 1216 322 1252 non
346 1200 447 1252 feriatis·
465 1200 556 1253 diebus
580 1200 654 1252 cele·

145 1285 258 1337 brandis.
296 1312 300 1317 ·

195 1371 319 1435 Quamdiu
341 1380 434 1425 statuto
448 1372 536 1440 judicii
554 1371 594 1424 die
609 1371 655 1437 ju-

147 1459 198 1511 dex
215 1458 411 1511 adversariusve
425 1458 596 1526 expectandus
615 1459 653 1510 sit.

145 1544 281 1596 Neminem
304 1542 423 1613 neglecto
445 1543 476 1595 ab
495 1545 551 1612 ipso
566 1544 653 1609 jndice

144 1630 232 1696 judicii
244 1630 286 1681 die
298 1629 417 1682 mulctam
427 1631 558 1682 incurrere
572 1630 653 1696 (coni.

149 1731 173 1768 c.
185 1716 258 1780 104).

192 1802 274 1853 Reum
297 1801 318 1853 si
341 1810 410 1854 actor
426 1817 478 1854 non
496 1803 595 1855 venerit
612 1803 653 1854 di·

145 1887 309 1953 mittendum,
339 1903 389 1939 nec
418 1889 494 1940 alium
522 1888 560 1941 ilii
588 1888 655 1941 diem

146 1973 308 2028 statuendum
325 1989 391 2027 esse.

167 2077 279 2162 [Caput
294 2077 367 2160 136,
387 2076 459 2160 137,
480 2077 565 2155 1381.
601 2079 653 2142 De

111 2183 334 2264 principum
389 2183 653 2246 conventibus

114 2288 197 2350 sive
226 2285 393 2366 „curiis”
420 2264 557 2371 drage
584 2304 652 2349 ce-

113 2389 328 2454 lebrandis

751 1370 904 1434 „detectos
921 1371 1002 1424 collem
1018 1373 1122 1425 worden
1139 1371 1245 1426 allecte

706 1456 894 1526 dinpplicbtich
911 1459 953 1510 cin
969 1477 1019 1511 coc
1033 1462 1102 1512 deme
1116 1459 1183 1511 mule
1197 1461 1244 1511 dou
1294 1510 1297 1514 .

706 1545 737 1595 de
750 1559 830 1595 suune
843 1544 897 1612 oph
907 1560 943 1612 po
954 1552 1034 1596 mente
1045 1563 1077 1597 uu
1088 1546 1244 1614 mitteaataqe.

707 1628 735 1679 ob
755 1631 795 1681 die
812 1630 926 1682 nichtere
943 1632 978 1681 da
994 1631 1052 1683 ist.’'

757 2499 824 2566 Art.
842 2498 912 2564 152.
941 2499 1061 2582 „Fumf
1072 2500 1159 2563 stede
1177 2500 1243 2576 [die

170 2502 280 2584 [Caput
294 2499 379 2576 1361.
400 2501 538 2583 Quinque
551 2502 653 2567 Saxo-

117 2603 183 2667 uiae
200 2605 338 2670 civitates
353 2622 434 2684 esse,
454 2605 491 2667 ad
508 2623 584 2687 quas
600 2607 652 2668 in·
702 2604 835 2667 Pulenze
856 2604 978 2679 hainen]
1006 2603 1113 2684 leuben
1138 2605 1172 2666 in
1197 2623 1243 2666 mc

119 2707 218 2771 dicere
252 2715 419 2772 conventus
453 2727 525 2772 suos
559 2725 651 2792 reges
703 2706 797 2770 lande
816 2727 854 2769 zu
869 2705 987 2769 Sascen
1003 2706 1046 2768 do
1061 2704 1242 2786 diatonico

703 2809 790 2873 echte
804 2809 882 2872 hooc
896 2809 997 2872 baben
1011 2809 1069 2872 sot.
1092 2809 1143 2872 dic
1158 2814 1242 2872 erate

703 2914 733 2974 is
756 2912 874 2977 Gruno.
902 2912 968 2987 [die
991 2911 1109 2975 andere
1128 2910 1243 2978 Werlo.

705 3015 743 3078 de
765 3017 794 3079 is
816 3036 855 3079 uo
877 3015 1004 3080 Gos'lcre
1025 3016 1168 3098 pelopea.
1192 3014 1243 3078 die

705 3118 800 3182 dritta
825 3120 855 3182 is
880 3117 1073 3184 Woiehoseu.
1104 3118 1243 3182 Olactede

703 3223 733 3284 is
749 3221 904 3309 de'cirde.
927 3218 1128 3288 Mer'ceburcb
1143 3224 1173 3285 ic
1192 3216 1243 3285 die

703 3310 847 3406 fmnftess⁵

761 3426 878 3497 „Sedere
909 3426 1011 3484 cocleas
1042 3426 1100 3483 sint
1129 3424 1182 3482 och
1211 3425 1242 3482 in

120 2819 329 2876 consuescant.

170 3428 317 3493 Praeterea
347 3426 374 3482 in
405 3426 521 3484 saxonia
551 3433 653 3500 septem

118 3539 171 3580 esse
198 3523 287 3580 feuda
299 3540 367 3596 qnae
390 3523 513 3579 dicuntur
534 3523 652 3578 vexilla-

117 3617 165 3689 ria,
186 3619 252 3674 duas
270 3618 347 3674 sedes
363 3618 609 3691 archiepiscopales
626 3623 653 3672 et

115 3713 262 3783 quindecim
283 3714 461 3787 episcopales.
501 3712 572 3780 Quot
592 3713 652 3767 sui-

113 3806 258 3879 ircganeos
293 3809 436 3881 episcopos
471 3809 497 3863 in
535 3806 652 3864 saxonia

113 3901 229 3959 habeant
253 3902 510 3974 magdeburgensis,
535 3919 652 3973 magun-

112 3998 236 4068 tinensis,
267 3997 427 4054 coloniensis
453 4003 481 4052 et
504 3997 653 4053 bremensis

112 4093 320 4165 archiepiscopi.
362 4103 367 4110 '

705 3523 784 3579 deme
804 3522 889 3579 tonde
907 3532 949 3578 ct!
963 3522 1079 3578 Sassen.
1099 3523 1155 3578 dou
1173 3520 1242 3579 ber-

704 3616 842 3674 cocbdom
866 3633 904 3672 uo
923 3614 1030 3672 Sossen
1052 3617 1112 3671 ond
1130 3617 1166 3672 de
1184 3616 1242 3672 Pu-

704 3711 794 3768 laocc.
815 3711 963 3768 ue-murue
978 3727 1015 3767 so
1027 3710 1241 3767 Brundeborcb.
1338 3772 1340 3777 ,

704 3807 740 3862 de
752 3805 1011 3880 leutpraneaoboph
1024 3822 1061 3861 au
1073 3805 1241 3878 stamnum

704 3902 740 3958 de
764 3899 863 3956 marite
886 3916 924 3957 aas
945 3899 1044 3957 Misce.
1075 3899 1121 3956 dic
1142 3900 1241 3956 marite

703 4011 741 4051 uu
769 3995 874 4051 Lusca.
907 3996 944 4051 de
974 3994 1174 4069 procescbopb
1204 4011 1241 4050 aa

702 4085 938 4146 Accberskcen.''

750 4189 810 4239 Art.
819 4182 884 4243 153.
899 4183 979 4255 „ch
990 4184 1047 4242 sint
1060 4182 1139 4240 tacet
1147 4182 1239 4239 Erae-

703 4278 867 4350 biscopdum
882 4278 912 4334 ic
927 4296 972 4338 me
986 4280 1070 4338 lande
1082 4294 1120 4335 uu
1131 4278 1239 4335 Sassea

702 4372 777 4433 code
800 4372 931 4448 tonsam
955 4377 1070 4437 amre.
1108 4373 1239 4433 Dicam
