2722 4898
538 306 771 397 ·-ies-

122 502 211 570 regia,
235 502 256 552 si
279 517 350 553 more
370 502 445 554 solito
464 503 488 552 in
507 503 632 570 integrum

123 588 311 640 restitutionem
339 604 354 640 a
382 604 445 656 rege
479 597 631 641 consecutus

125 675 210 738 inerit,
228 689 276 740 per
288 690 337 726 sex
351 674 525 726 hebdomadas
541 690 631 726 manr-

125 777 175 831 que
189 760 257 811 diem
269 761 338 827 regis
349 768 449 812 coetum
463 762 594 811 comitetur
606 760 631 810 in

123 847 179 912 jure
191 847 329 917 unicuique
343 861 427 896 coram
444 862 475 897 eo
488 862 630 913 responsu-

126 949 176 997 rus,
189 934 232 1001 qni
246 948 324 1000 agere
337 932 458 984 adversus
472 947 500 982 se
513 915 631 983 voluerit.

126 1019 226 1070 Interim
239 1017 287 1069 sub
300 1018 386 1086 regiae
396 1019 464 1084 pacis
477 1016 553 1068 tutela
566 1018 630 1068 con-

128 1105 244 1155 stituatur.
280 1103 445 1154 Discessurus
466 1103 630 1168 jurejurando

128 1191 177 1258 regi
195 1190 331 1256 promittat,
349 1192 548 1255 repraesentari
563 1189 631 1240 velie

130 1289 210 1326 coram
231 1274 319 1340 judice
343 1273 414 1338 cujus
439 1276 544 1342 primam
566 1291 630 1342 pro-

130 1363 288 1428 scriptionem
312 1359 412 1424 incidit3
437 1376 487 1428 quo
511 1363 631 1428 praestito

127 1446 286 1512 jurejurando
314 1445 399 1497 literas
426 1449 494 1514 regis
521 1447 632 1500 obtineat

131 1533 158 1583 de
188 1532 271 1584 soluto
302 1534 492 1599 proscriptionis
520 1535 631 1599 vinculo,

132 1619 284 1670 continentes
314 1619 415 1668 nomina
430 1619 630 1683 fidejussorum,

131 1707 166 1772 qui
192 1706 391 1766 intercesserunt
417 1721 462 1770 pro
488 1721 528 1756 eo.
569 1705 630 1755 Post

132 1791 226 1842 alteram
244 1790 365 1856 deinceps
387 1789 564 1840 hebdomadon
582 1807 628 1841 suo

132 1885 297 1943 praesentetur
320 1876 409 1941 judici,
436 1883 628 1942 exspectaturus

132 1971 176 2013 tres
194 1962 349 2031 quindenas,
367 1978 398 2012 an
415 1977 503 2015 secum
521 1971 628 2013 conten-

133 2049 185 2100 dere
197 2049 287 2117 aliquis
300 2048 375 2112 velit3
395 2065 445 2117 quo
460 2048 547 2114 elapso
562 2057 628 2099 tenr-

133 2150 186 2200 pore
211 2133 343 2187 absolutus
367 2151 381 2184 a
404 2150 554 2201 quocunque
577 2135 628 2185 cri-

133 2221 189 2271 mine
205 2219 336 2283 habeatur,
354 2221 401 2272 nisi
420 2228 550 2271 accusator
567 2235 629 2286 pro-

134 2305 177 2370 bet7
194 2308 327 2374 quominus
347 2306 521 2373 tempestivius
541 2313 629 2373 ageret

136 2393 253 2458 sejustus
278 2392 448 2460 impedimenti
471 2407 560 2445 causas
579 2391 627 2441 hn-

135 2476 216 2531 buisse.
279 2483 284 2493 '

684 520 773 554 nemea
799 507 913 557 anderen
937 506 1060 572 perietis.
1099 510 1169 560 Smer
1194 509 1223 560 iss

684 591 753 640 deme
780 590 936 658 hopestess
963 593 1080 659 pericdte
1108 594 1223 645 oiroestit

683 684 752 726 roert.
777 677 822 726 der
840 678 862 726 is
885 677 914 726 ia
936 676 1004 728 allen
1024 679 1072 729 ders
1088 678 1223 745 periodica

683 761 806 812 viroestit.
824 763 865 812 die
879 763 907 812 in
921 764 968 812 dos
981 764 1098 830 perichte
1109 764 1221 828 hored).

684 848 756 896 Swer
770 847 831 898 aber
848 848 877 897 in
895 849 964 898 deme
981 849 1095 899 sederim
1106 850 1223 916 potesse

683 934 798 984 nirvestit
819 934 885 986 wint.
909 935 954 984 der
974 935 1015 984 nis
1036 934 1064 984 in
1085 935 1154 986 deme
1172 936 1221 987 ito-

682 1036 761 1086 9eren
785 1019 857 1070 nicht
880 1019 1003 1071 nirvestit.
1027 1019 1073 1070 her
1090 1039 1121 1072 ae
1139 1023 1222 1072 werde

683 1105 717 1153 do
739 1103 854 1154 redelelre
880 1105 1039 1172 inpetracdt.
1067 1107 1107 1157 die
1129 1109 1222 1158 nederc

682 1190 794 1240 ricietere
820 1207 852 1240 ne
877 1198 932 1240 mut
957 1191 1030 1242 nicht
1055 1191 1156 1243 richten
1181 1192 1222 1242 die

682 1284 803 1343 oestunpe
821 1276 861 1325 dte
880 1278 925 1326 der
938 1276 1038 1327 aberste
1056 1276 1130 1328 horre
1143 1286 1222 1346 petam

683 1363 737 1412 dut.
755 1362 779 1411 si
792 1378 824 1412 ne
837 1362 860 1411 si
874 1379 930 1430 pme
949 1362 1003 1412 also
1021 1362 1155 1414 missaticis.
1174 1364 1221 1414 dua

683 1447 729 1497 der
744 1447 768 1496 ir
783 1445 850 1508 selbo
863 1448 976 1514 portast
989 1448 1062 1500 walle
1078 1449 1119 1499 sisa
1136 1449 1165 1499 iss
1179 1450 1221 1499 des

683 1533 801 1600 hopesten
819 1533 931 1584 ricdters
949 1533 1037 1597 stut.”]

728 2564 788 2621 Art.
802 2562 867 2619 123.
893 2561 1001 2632 „Stirft
1018 2579 1070 2635 epo
1088 2563 1218 2620 riettere.

680 2676 754 2714 svaros
782 2658 810 2712 di
835 2658 915 2712 sinen
939 2657 1022 2712 siden
1047 2658 1165 2730 poscitis
1184 2659 1218 2714 is.

681 2755 730 2808 des
756 2753 801 2808 sol
829 2752 874 2806 sin
902 2749 1071 2806 anchisumel
1094 2768 1132 2806 nn
1158 2753 1220 2808 dem

679 2847 806 2922 periclito
825 2843 947 2920 pertenet
971 2845 1022 2898 sia.
1052 2845 1082 2900 ul
1099 2861 1134 2900 ac
1153 2862 1220 2919 sepe

681 2943 732 2997 iser
751 2942 778 2996 is
799 2942 885 3000 aicit.
907 2957 980 2996 susa
1000 2932 1051 2994 lte'r
1067 2939 1117 2994 mit
1136 2939 1219 2996 scire-

626 3105 628 3109 γ
677 3054 733 3108 pen
752 3037 875 3110 persepe
895 3036 947 3090 der
966 3032 1084 3090 aorlseit
1103 3033 1219 3107 panoe-

115 3750 297 3773 N·---.-.-.-—.-

681 3132 719 3187 rit
738 3126 869 3198 scirt'’¹).

731 3225 775 3281 A'd
795 3226 882 3281 locum
904 3223 937 3280 de
962 3224 1043 3288 rebus
1063 3238 1154 3280 coram
1172 3225 1221 3294 jn-

680 3320 739 3375 dice
755 3320 838 3391 gestis
858 3319 999 3399 saxonicus
1019 3317 1148 3390 scriptor,
1167 3318 1220 3373 ba-

680 3414 766 3470 varici
792 3414 855 3471 iibri
881 3411 1020 3488 supplendi
1047 3426 1126 3468 causa
1150 3425 1240 3485 pro-·

681 3510 770 3582 posuit
790 3508 841 3566 sibi
861 3508 1012 3581 disquirere
1033 3507 1107 3578 eujus
1123 3506 1222 3578 judicis

681 3604 803 3675 cognitio
834 3603 869 3660 sit
899 3603 932 3659 de
962 3602 1042 3658 rebus
1069 3601 1115 3658 vel
1145 3603 1222 3658 extra

174 3857 201 3927 i)
227 3861 293 3916 Num
317 3859 388 3915 forte
414 3857 558 3915 saxonicus
582 3857 698 3928 scriptor
721 3853 923 3927 jurisdictiones
947 3851 1072 3924 quasdam
1097 3856 1234 3921 noverat.

111 3953 166 4008 itte
183 3972 322 4028 supremae
343 3955 418 4024 regis
436 3953 616 4024 jurisdictioni
637 3967 689 4008 non
710 3947 868 4007 subessent?

144 4091 146 4095 .
172 4047 201 4116 2)
228 4050 304 4106 coni.
330 4049 389 4105 bav.
412 4048 476 4103 iibri
502 4052 582 4118 caput
602 4047 666 4103 284.
714 4045 861 4102 Saxonious
887 4042 1006 4114 scriptor
1031 4040 1075 4095 hic
1101 4039 1222 4095 inhaeret

109 4123 213 4198 batarini
232 4144 295 4201 libri
315 4143 452 4213 vestigiis,
478 4142 616 4196 immemor
636 4158 664 4196 se
685 4141 771 4212 ipsum
791 4137 903 4194 eandem
923 4135 1079 4221 sententiam
1103 4149 1138 4189 ex
1159 4133 1222 4204 jure

108 4232 245 4310 municipali
265 4240 394 4296 saxonico
410 4240 466 4309 jam
486 4253 565 4309 supro
587 4234 705 4294 attulisse
727 4233 841 4290 articulo
856 4232 903 4302 67,
925 4231 959 4287 ad
979 4247 1057 4303 quem
1071 4227 1133 4285 vide
1153 4242 1222 4300 quse

108 4319 193 4387 1¹·126
210 4335 309 4392 notavi.

983 4433 1016 4487 13
