2722 4898
564 371 801 439 -ioa-

238 543 296 617 lii.
321 544 395 635 quot
415 544 515 614 testes
536 543 567 615 in
590 560 684 616 eausa
705 540 869 630 suitleiunt,

226 647 296 719 liii
321 645 439 737 puando
460 648 560 718 testes
580 644 764 736 produoendi
787 648 819 718 et
840 644 978 737 qualiter,

246 749 294 821 ix.
320 751 357 821 de
373 750 548 841 juramento
569 749 695 820 testium
717 751 749 821 et
770 748 898 840 qualiter
919 748 982 820 sint
1003 748 1137 824 omnmo

258 852 295 924 L
320 852 358 924 do
379 852 505 924 testium
526 851 752 953 publieauone„

247 955 296 1027 XI.
320 954 358 1027 de
380 954 588 1044 reprobatione
610 954 746 1043 testium,

234 1058 295 1132 xli.
321 1055 583 1149 puibusbeslibus
604 1057 681 1129 dios
701 1057 882 1132 adhibeatur
903 1062 942 1137 et,
957 1062 1079 1151 quanta

222 1161 296 1234 xlii.
322 1159 359 1232 de
381 1159 566 1232 exhibitione
588 1161 855 1234 instrumentorum
878 1161 989 1234 elide
1011 1161 1137 1252 ipsorum

225 1265 297 1337 xli.
322 1263 360 1335 do
381 1263 665 1354 praesumtionibus,

116 1375 230 1456 primus
254 1373 389 1435 occurrit
411 1372 512 1435 titurius

238 1471 297 1543 xl.
322 1469 360 1541 de
381 1469 615 1560 allegationibus

116 1580 202 1663 eujus
226 1579 264 1642 ad
286 1584 317 1652 §-
334 1579 364 1658 5,
386 1579 437 1642 ubi
460 1579 585 1642 dieitur:

268 1680 338 1764 „Aa
361 1679 492 1746 officium
509 1681 621 1764 judieis
643 1682 774 1762 pertinet
800 1682 943 1746 sedere
970 1692 1006 1746 et
1029 1703 1103 1749 non
1126 1705 1137 1750 s

257 1793 300 1848 -et
321 1785 507 1868 investigare
531 1785 732 1848 omnia'eto.''

114 1888 304 1955 menifestum
327 1895 375 1952 est
397 1890 556 1970 sequentia
579 1890 734 1970 pertinere
757 1891 914 1970 utriusque
937 1891 1006 1953 libri
1027 1891 1114 1956 ioca:

174 2043 485 2126 Caputlttlirb.
519 2044 652 2110 Stantem
715 2137 719 2144 ¹
761 2044 828 2144 Art.
850 2045 901 2110 60.
930 2045 1082 2131 K‚,Stuoade
1109 2068 1137 2112 sa

115 2148 355 2230 reprehendere,
377 2148 572 2210 sedentem
592 2148 653 2210 di·
704 2149 787 2212 uertet
799 2149 954 2230 sebeldeoe.
976 2152 1096 2214 ottueoee
1113 2173 1137 2216 aa

116 2269 207 2314 uere
236 2251 471 2314 sententiam
498 2251 651 2315 decere.
704 2253 787 2315 uetat
806 2253 954 2319 oiadea.”

173 2353 315 2410 Cautiones
331 2369 437 2425 quoque
453 2353 653 2425 interponenti·
767 2338 780 2399 ’-

113 2449 162 2506 bus
184 2465 275 2504 eoram
292 2448 386 2519 judioe
406 2448 526 2504 standum
546 2466 612 2504 esse.
898 2518 901 2522 A

171 2543 273 2600 ludieis
298 2542 389 2598 oibeio
414 2558 492 2598 nemo
518 2542 654 2613 iungatur,
756 2544 832 2614 „Die
846 2544 1033 2603 ubereubere
1047 2546 1137 2606 bamba

115 2654 192 2710 quem
208 2654 262 2694 non
278 2638 337 2712 ipse
356 2654 407 2694 rex
427 2639 551 2693 statuerit
569 2643 615 2694 aut
631 2640 653 2693 is
705 2639 830 2710 peiorare
845 2641 890 2696 uis
904 2636 960 2682 -”
973 2643 1010 2718 ξ).

114 2733 157 2788 oui
163 2731 325 2804 judiciariae
336 2733 376 2790 uei
388 2749 453 2789 eura
466 2750 480 2788 a
492 2749 560 2804 rege
574 2749 653 2789 oom-

113 2827 194 2885 missu
211 2834 259 2885 est.

169 2907 316 2994 Eligendus
330 2937 388 2978 esse
397 2922 517 2993 judiees,
533 2921 653 2978 adhibito

112 3015 284 3088 prudentium
293 3016 415 3073 virorum
428 3017 552 3086 oonsilio,
564 3023 650 3072 et-eos

112 3109 220 3182 quidem
240 3109 286 3182 qui
306 3116 333 3166 et
351 3096 572 3185 ipsi'prudentes
592 3111 653 3181 sint,

111 3220 163 3261 nee
182 3203 358 3261 deliniendam
382 3221 440 3262 esse
461 3222 583 3276 oausam,
610 3206 653 3261 oui

112 3296 294 3366 disoutIendae
309 3315 364 3356 nou
379 3307 483 3373 septem
499 3307 544 3356 out
559 3301 652 3374 plures

17 3475 18 3478 Ἴ
85 3454 88 3460 ,
113 3393 194 3451 etium
203 3393 304 3466 judicis
321 3411 469 3453 assessores
488 3394 628 3452 adfuerint.
667 3464 668 3469 η

585 3608 766 3681 Πνι
870 3561 872 3565 ’

198 3748 295 3830 Quum
318 3746 415 3829 eapite
436 3743 498 3812 lit
520 3746 630 3813 dietum
653 3747 762 3813 fuisset
788 3767 958 3832 supremam
977 3752 1014 3815 de
1038 3754 1120 3817 omni

110 3847 195 3932 regis
213 3849 455 3930 jurisdiolionem
478 3870 558 3931 esse,
581 3853 716 3917 bavarioi
734 3854 802 3916 libri
821 3856 1021 3919 concinnator
1043 3865 1137 3939 aptum

110 3949 211 4015 iooum
239 3970 308 4017 esse
336 3961 420 4018 ratus
449 3963 511 4034 est,
540 3957 591 4019 iubi
619 3956 736 4037 plenius
765 3956 970 4022 dissereretur
999 3961 1036 4023 de
1065 3963 1132 4044 ipsa

75 4068 81 4075 ·
112 4055 303 4136 auctoritate,
329 4056 367 4120 de
389 4059 477 4141 regni
499 4058 684 4140 principibus
707 4067 738 4122 et
761 4061 841 4123 omni
864 4063 980 4143 imperii
1001 4063 1110 4130 forma.

104 4156 231 4237 xquidem
253 4157 473 4242 digressionem
495 4162 609 4242 primus
636 4164 800 4226 saxonicus
828 4165 976 4247 scriptor,
1006 4187 1098 4248 quum
1120 4170 1137 4234 ir

115 4294 316 4306 m·-

167 4372 220 4429 -1o
242 4363 317 4431 Geni.
339 4391 407 4446 quae
427 4392 486 4432 eum
506 4376 541 4433 nd
559 4393 618 4433 rem
638 4378 665 4434 in
685 4379 856 4438 adnotatione
877 4379 992 4439 disserui
1012 4401 1037 4458 p.
1053 4385 1099 4444 98.
