2722 4898
578 126 616 205 ff

435 310 759 399 '-1ao-

140 497 182 565 Dc
198 519 301 566 eorum
319 521 418 584 poena
433 506 484 584 qui
503 506 615 570 alienas

97 600 204 667 arbores
240 605 412 669 fructiferas
446 609 615 688 succidunt,

93 711 139 766 ant
157 709 293 771 terminos
316 716 446 772 movent.

141 808 614 895 sepultatuenocmrnispa-

80 907 272 977 bulationibus
287 915 558 996 lignationibusque
572 923 614 990 ¹).

137 1017 177 1072 lit.
196 1018 220 1072 b.
255 1016 298 1071 Ad
319 1018 415 1090 capitis
437 1017 492 1072 196
516 1021 613 1075 verba:

70 1109 134 1172 „in
152 1111 207 1166 eins
228 1112 339 1166 andren
363 1130 479 1167 mannes
505 1110 614 1186 ccape’':

67 1199 103 1255 in
132 1205 237 1275 cuiusvis
261 1206 331 1260 alvei
356 1213 488 1280 perpetuo
509 1208 614 1263 flumine

63 1299 207 1362 publicam
239 1316 298 1354 esse
329 1306 381 1354 tam
414 1301 613 1372 navigationem

62 1403 153 1458 quam
171 1394 391 1465 piscationem¹).

159 1558 260 1640 Pergit
277 1559 413 1621 bavarici
434 1559 501 1620 libri
521 1560 557 1621 dc
576 1563 683 1640 poenis
703 1569 847 1626 tractatus
870 1567 1017 1646 capitibus
1035 1569 1202 1631 centesimo

57 1662 268 1742 nonagesimo
298 1666 405 1723 octavo
434 1679 531 1741 usque
561 1663 598 1724 acl
628 1665 825 1728 ducentesimi
858 1668 945 1729 linem
978 1669 1132 1734 disserens
1164 1670 1202 1733 de

56 1752 159 1824 bonis
181 1781 313 1826 reorum.
914 1786 917 1791 '

137 1917 238 1991 Caput
260 1916 323 1972 198,
365 1916 502 1974 Sententia
526 1937 541 1976 a
562 1938 613 1991 qna

56 2000 166 2084 incipit
197 2013 250 2067 boc
280 2017 360 2084 caput
393 2013 512 2068 continet
546 2015 613 2069 malo

56 2093 197 2162 insertam
228 2106 435 2179 explicationem
466 2107 498 2161 ad
529 2111 612 2164 verba
706 2100 710 2113 ’

57 2205 143 2260 quac
162 2207 321 2276 sequuptur:
342 2200 413 2269 „Sin
428 2201 546 2257 nebeten
562 2221 611 2259 er-

59 2281 129 2350 l>cera
147 2296 229 2352 orben
249 2295 295 2350 sin
313 2282 392 2368 pair?
424 2295 536 2352 Notatur
554 2298 611 2352 sol-

58 2373 139 2445 licet
150 2389 314 2446 hereditaria
328 2391 399 2445 bona
415 2407 467 2446 non
480 2392 612 2464 reputari,

61 2485 141 2542 ‘luae
161 2485 239 2540 aliter
260 2501 337 2556 quam
360 2483 479 2541 intestati
499 2473 611 2542 succes*-

63 2568 148 2635 Sione
169 2578 250 2635 alicui
271 2579 478 2649 obvenerint2).

64 2805 215 2882 viventem,
235 2820 304 2884 quae
325 2813 410 2868 ventis
430 2813 562 2883 turbatur,
588 2819 616 2867 nt
636 2813 662 2867 in
682 2811 849 2884 praefatione
869 2811 953 2867 lita:
981 2813 1044 2882 „die
1064 2813 1155 2869 vlscbe
1176 2815 1203 2871 in
1302 2849 1304 2852 >

65 2896 129 2962 dom
149 2907 259 2977 wage''‚
283 2907 418 2962 substituit
444 2907 584 2962 saxonicus
610 2906 741 2978 scriptor:
768 2906 814 2975 „in
840 2922 924 2975 eynes
950 2907 1068 2963 anderen
1096 2925 1203 2965 mannes

64 3003 194 3058 l'recanere
221 3019 259 3057 aa
283 3002 408 3057 wildor
428 2997 545 3071 wage''
566 3001 584 3056 i.
604 3018 627 3056 e.
651 3017 823 3071 equaquam,
848 3000 948 3056 nullum
974 3003 1075 3058 habens
1101 3008 1204 3058 certum

63 3091 192 3166 alveum,
217 3096 297 3157 modo
318 3097 369 3151 buc
395 3096 476 3151 modo
498 3096 561 3151 illuc
587 3112 637 3168 per
658 3110 740 3166 agros
765 3093 933 3167 privatorum
958 3096 1058 3152 debuit.
1097 3096 1202 3154 Distin-

61 3196 188 3252 munim
210 3191 243 3246 ab
265 3207 297 3246 ea
322 3189 435 3262 primurn
460 3189 533 3244 lacus
560 3189 698 3262 piscatorii
719 3204 858 3261 exopere
879 3190 1054 3246 manufacti:
1080 3192 1203 3261 „viscbet

58 3273 113 3343 hor
142 3287 206 3342 inne
231 3284 312 3340 diken
338 3283 381 3339 dic
406 3283 546 3353 gograben
571 3279 641 3353 sin''‚
669 3282 765 3339 deinde
787 3287 851 3352 (art.
873 3284 940 3354 77),
966 3285 1073 3357 publica
1098 3285 1204 3341 flumina

57 3376 147 3437 alveo
168 3378 285 3447 inclusa,
307 3377 353 3432 ubi
372 3377 504 3448 navigare
526 3383 554 3434 et
572 3377 672 3449 piscari
693 3377 814 3432 omnibus
834 3377 995 3449 permissum
1015 3378 1062 3434 sit:
1089 3377 1203 3449 „chlk
1243 3443 1245 3447 Α

55 3477 176 3531 warner
198 3478 341 3528 strames
361 3467 505 3528 vlunet.”

146 3566 179 3635 l)
201 3566 261 3622 Art.
277 3567 327 3622 76:
344 3566 448 3636 „Smer
469 3565 496 3620 in
517 3565 565 3620 der
585 3565 665 3621 nocht
684 3565 770 3621 howit
790 3582 853 3637 gras
869 3565 932 3621 -.''

146 3661 179 3728 2)
201 3661 261 3716 Art.
277 3661 327 3716 77:
349 3659 461 3730 „swerk
482 3675 588 3714 wazncr
612 3666 724 3715 strames
745 3660 836 3716 vlnnet
854 3655 914 3716 -.''
952 3659 1095 3716 Bovarions
1118 3660 1204 3718 liber:

59 3753 244 3824 ‚flagellabas
259 3769 379 3810 wanners
399 3769 508 3808 rames
529 3754 598 3809 ilva
614 3750 678 3810 -.''
709 3753 823 3810 Verbis:
845 3753 908 3824 „die
927 3751 1032 3807 visober
1053 3754 1111 3810 svla
1132 3755 1204 3811 oucla

61 3849 126 3903 uvit
152 3848 203 3903 dan
223 3864 325 3904 wasser
351 3847 462 3902 niessen.
492 3862 551 3903 wan
575 3848 631 3903 also
653 3863 741 3903 verre.
768 3863 797 3902 so
819 3847 842 3903 si
863 3847 948 3902 einest
974 3847 1020 3902 mit
1041 3848 1100 3904 dem
1126 3854 1204 3904 netas

66 3940 228 4007 bestrichen
249 3958 347 4012 magon
367 3959 399 3997 vn
420 3941 480 4013 dem
500 3939 623 4011 schille''‚
645 3941 677 3997 ad
698 3941 867 4015 propositum
887 3940 920 3995 de
940 3940 1133 4012 piscationibus
1153 3959 1202 3998 ar-

69 4041 224 4098 gumentum
244 4035 437 4108 pertinentibus
458 4036 599 4090 saxonicus
620 4035 737 4107 scriptor
758 4041 867 4106 praeter
887 4050 945 4089 rem
965 4036 1112 4092 substituit:
1134 4035 1202 4105 „pie

74 4125 195 4183 viscbere
216 4134 270 4183 mut
292 4129 343 4183 och
364 4129 417 4182 wol
438 4128 487 4182 daz
509 4128 663 4183 ertrichc
684 4135 780 4183 nutzen
801 4125 872 4183 etc.”

152 4219 183 4290 3)
205 4221 354 4278 Saronicus
375 4222 491 4294 scriptor
513 4238 590 4292 quem
615 4221 737 4294 fugerat,
762 4221 865 4278 nonnisi
890 4222 1098 4295 explicationem
1117 4222 1151 4278 ad
1171 4239 1204 4278 ea

88 4324 149 4379 quoe
167 4321 308 4391 sequuntur
328 4315 390 4371 bric
411 4315 497 4372 inesse
517 4316 595 4386 loco,
622 4316 716 4371 cadem
736 4331 787 4387 quo
813 4315 879 4371 alios
905 4315 1047 4373 sedulitate
1068 4317 1095 4371 in
1114 4316 1203 4372 inter-t

983 4425 1000 4476 9
