2722 4898
168 555 193 594 a.
213 538 253 593 Dc
267 537 426 593 militaribus
443 535 580 592 beneflciis
596 550 648 590 co·
700 577 703 580 .
738 542 742 547 ’
786 541 789 546 “
847 539 853 547 “

110 647 169 688 ram
193 631 333 688 ordinario
359 630 452 703 judice
479 630 554 686 litem
579 645 649 686 con-

110 726 260 782 testandum
280 741 332 781 non
352 743 419 781 esse.

168 821 196 877 tr.
219 820 358 877 Praesenti
377 834 468 875 coram
484 817 579 888 judice
599 816 652 872 ad-

111 914 244 984 versario,
255 913 278 969 si
290 912 324 969 'ad
331 912 502 984 judiciarium
515 916 652 967 certamen

110 1013 293 1080 provocetur,
318 1006 389 1062 diem
410 1021 465 1077 quo
490 1004 654 1078 respondeat

109 1100 313 1157 concedendurn
335 1116 411 1170 aare,
440 1099 487 1155 vel
515 1116 579 1169 sex,
608 1097 652 1154 vei

111 1200 226 1266 quatuor
250 1193 476 1251 hebdomadarum
502 1194 546 1249 ret
572 1193 652 1248 etiam

112 1289 272 1361 quindenae,
285 1303 338 1360 pro
353 1287 461 1345 divmea
476 1302 652 1359 personmnm

111 1381 266 1439 mnditioaa
280 1377 319 1452 ¹).

171 1475 278 1548 Caput
296 1474 416 1530 molit.
432 1492 455 1549 a.
478 1474 576 1531 Coram
588 1473 653 1547 plu-

112 1570 187 1626 ribus
199 1568 309 1639 judiciis
324 1569 531 1641 proscriptionis
545 1568 653 1624 vinculo

113 1663 266 1732 obstrictus,
289 1662 311 1717 si
331 1669 433 1733 purget
452 1662 654 1731 contumaciam,

112 1757 257 1828 unicuique
265 1753 385 1827 judicum
398 1755 426 1812 in
440 1756 568 1812 remissae
582 1771 652 1828 pro·
702 1773 704 1777 ·

112 1849 264 1922 scriptionis
278 1849 402 1904 mulctam
416 1845 652 1919 (‚‚attesctatn'')
754 1894 760 1903 .

113 1943 312 2000 condemnetur.

171 2036 279 2108 Caput
294 2035 349 2091 106
364 2037 413 2092 tit.
427 2036 454 2092 h.
477 2037 567 2091 Latam
581 2051 651 2107 pro-

112 2129 265 2203 scriptionis
290 2130 446 2184 sententiam
466 2135 529 2201 post
550 2135 653 2185 sentam
762 2164 765 2171 ,

111 2222 307 2279 hebdomadam
333 2221 417 2277 laicus
439 2222 525 2294 judex
550 2223 654 2279 nuntiet

113 2313 298 2372 ecclesiastico
314 2314 417 2387 judici,
444 2321 472 2370 ut
494 2332 651 2373 excommu-

111 2408 218 2466 nicetur
242 2425 320 2480 reus3
350 2407 473 2480 idemque
499 2410 532 2465 ab
558 2409 651 2465 accle-

111 2502 219 2559 siastico
241 2502 333 2575 iudice
359 2503 387 2559 in
418 2503 654 2560 excommunicatis

112 2602 244 2653 servetur.
295 2596 557 2653 Excommunicatum
590 2603 654 2669 post

111 2696 216 2748 sextam
234 2689 430 2749 hebdomadam
446 2690 653 2766 proscriptionis

111 2783 168 2855 legi
192 2785 219 2841 in
239 2783 334 2856 quovis
360 2782 431 2840 laico
453 2784 559 2856 jndicio
585 2784 652 2841 auh·
750 2811 757 2820 ·

109 2875 258 2948 jiciendum
278 2882 390 2948 essa¹)..

167 2967 285 3052 Caput
298 2969 369 3034 107.
391 2971 484 3035 Extra
498 2971 559 3034 fori
575 2989 653 3034 can-

113 3073 208 3136 cellos
230 3089 378 3153 praesens
401 3074 427 3137 si
448 3080 536 3136 terna
558 3091 653 3155 prae-

114 3175 201 3239 conis
243 3174 383 3238 citatione
427 3174 508 3238 iacta
546 3175 652 3256 judicii

113 3282 230 3357 septum
257 3293 462 3358 responsurus
486 3278 582 3340 actori
603 3278 653 3340 in-

4 3396 6 3401 ·
113 3385 194 3443 trare
217 3378 349 3443 noluerit
370 3387 470 3443 tantae
492 3380 653 3460 pecuniae,

191 3575 223 3644 1)
247 3575 334 3632 Locus
353 3573 406 3630 huc
424 3576 577 3648 pertinens,
602 3583 630 3632 ut
656 3592 736 3649 supra
760 3575 895 3650 indicavi,
917 3577 943 3633 in
964 3579 1155 3638 concinnente

114 3667 275 3745 anticipetur
294 3674 335 3727 cst
355 3668 444 3741 capita
460 3668 523 3726 104.

189 3763 222 3832 2)
243 3763 336 3820 Verba
358 3762 454 3834 capitis
476 3762 544 3821 105:
570 3766 644 3835 „Dan
669 3766 731 3822 raht
756 3751 841 3822 satata
861 3765 911 3823 der
930 3766 1025 3839 krinig
1047 3768 1166 3827 Gonmn

112 3855 182 3913 vnde
196 3856 276 3914 sante
290 3856 420 3913 silvester
436 3855 485 3912 der
504 3856 628 3929 hatest',
647 3860 782 3932 pertinent
802 3860 836 3917 ad
856 3861 926 3916 hunc
946 3861 980 3917 de
1000 3864 1166 3936 proscriptio

112 3950 216 4021 locum,
240 3950 284 4006 cui
309 3950 336 4007 in
361 3949 423 4007 libri
448 3951 591 4025 prooemio
611 3968 732 4024 qnoque,
758 3960 786 4009 ut
812 3953 885 4025 dixi,
910 3955 1008 4013 vitiosa
1033 3958 1135 4015 imerta
1160 3978 1166 4013 a

112 4043 224 4100 Turbati
243 4036 297 4116 per'
313 4044 382 4099 maie
403 4044 515 4101 insertas
540 4045 711 4101 librariorum
733 4047 981 4107 observatiunculas
1006 4052 1119 4121 genuini
1144 4069 1166 4111 o

111 4138 217 4209 insigne
239 4137 284 4193 hic
307 4138 405 4195 iterum
425 4137 583 4197 offendimus
609 4140 768 4212 exemplum.
812 4141 880 4199 itale
905 4144 976 4201 anim
1001 4162 1072 4203 nunc
1101 4164 1135 4204 ea
1160 4166 1166 4187 ¹

111 4238 258 4304 aaqrruntur
282 4233 418 4307 reguiam:
450 4232 484 4289 de
514 4233 674 4291 militaribus
700 4233 837 4294 beneflciis
865 4252 958 4296 coram
986 4240 1117 4303 beneficii
1143 4249 1166 4303 ta

113 4324 220 4388 domino
235 4326 366 4405 judicium
385 4326 564 4387 sustinendum
584 4343 651 4388 esse.
