2722 4898
556 304 789 404 -uo-

32 530 35 537 ·
109 518 208 595 petat,
236 510 356 577 mobilia
385 517 484 576 autem
511 514 608 592 bona,
638 513 677 576 de
700 513 808 593 quibus
829 513 936 578 mortis
958 531 1053 579 causa
1072 501 1242 600 'disponere

110 618 242 681 noluerit
265 616 424 681 defunctus
447 619 485 681 ad
507 618 650 699 principis
672 618 778 681 liscum
800 618 969 702 redigenda
992 624 1118 695 esse¹).

189 840 219 910 1)
245 841 517 914 ditioris-indaginis
542 842 586 898 bic
611 836 698 899 locus'
707 843 784 900 deest
807 843 834 898 in
854 843 1023 899 ambrosiano
1043 844 1184 921 exemplo.
1219 847 1242 903 lr

110 936 238 991 turicensi
258 937 353 993 codice
374 937 431 1007 (cui
447 937 515 992 baec
534 938 733 1009 lassbergianue
754 937 878 994 editionis
896 955 959 1012 pars
979 938 1108 1009 debetur)
1131 940 1167 996 de
1185 942 1242 998 ori-

110 1031 223 1102 ginariis
242 1037 343 1088 tuntum
362 1048 451 1088 sermo
472 1038 528 1103 est,
553 1033 579 1088 in
605 1033 664 1088 aliis
690 1039 778 1088 autem
804 1033 934 1106 exemplis
959 1033 992 1089 ad
1012 1033 1116 1090 liberos
1136 1051 1242 1109 quoque

110 1126 231 1182 bomines
252 1127 348 1198 capitis
367 1126 444 1198 bujus
464 1134 650 1197 argumentum
669 1127 823 1184 extenditur
837 1135 898 1200 post
912 1128 1010 1203 verba3
1030 1128 1097 1199 „des
1115 1146 1147 1185 er
1165 1129 1242 1202 eigel

110 1218 174 1292 ist'',
197 1221 308 1292 adiectis
329 1221 432 1278 verbis:
453 1222 543 1292 „vnde
564 1223 597 1277 ist
618 1239 648 1277 er
669 1223 711 1277 vri
731 1239 762 1279 so
783 1223 816 1278 ist
835 1222 859 1278 si
879 1222 925 1278 dos
946 1216 1143 1299 vronbotenJ'

187 1314 287 1385 [ntegri
313 1316 406 1371 rustici
432 1317 536 1390 praedii
563 1317 678 1373 traditur
700 1317 961 1373 dimidiamtantuni
988 1333 1118 1390 agrorum
1138 1325 1242 1392 parten

110 1409 267 1481 quibusdam
287 1410 314 1476 iu
333 1411 400 1466 locis
421 1412 539 1473 alienare
560 1413 644 1468 invito
654 1412 747 1485 judice
762 1413 881 1483 licuisse,
901 1418 1007 1468 retenta
1019 1419 1133 1487 praeter
1153 1430 1242 1470 arean

112 1497 240 1559 aediliciis
256 1505 433 1561 continentem
455 1507 522 1577 („da
537 1524 597 1563 man
612 1508 688 1563 einen
708 1524 806 1580 wagen
822 1507 853 1562 vl
864 1507 1015 1578 gemenden
1028 1509 1144 1579 Μεθ’)
1160 1509 1242 1566 alteru

111 1604 189 1670 parte
203 1598 321 1670 dimidia,
342 1618 375 1656 ne
391 1602 549 1658 exhibendis
565 1603 678 1675 publicis
700 1603 818 1659 seruitiis
838 1602 923 1658 minus
943 1584 1071 1658 ideoneus
1087 1602 1242 1661 efficeretur

113 1693 224 1750 colonus
245 1699 283 1763 (e.
298 1695 359 1766 39).

189 1789 318 1846 Similiter
339 1792 502 1848 crediderim
516 1798 643 1848 vocantes
661 1790 869 1863 originariorum
887 1792 994 1862 fundos,
1014 1792 1059 1863 qui
1078 1792 1174 1849 babila
1186 1799 1242 1873 ‘tun

113 1899 193 1940 areae
214 1902 292 1957 quam
312 1887 498 1943 aedificiorum
517 1888 622 1943 ratione
643 1884 779 1942 dimidium
801 1887 967 1943 excedebant
988 1900 1140 1944 mensuram
1161 1905 1242 1960 agro·

112 1995 171 2036 rum
184 1981 224 2036 'ad
244 1983 370 2037 rusticum
390 1983 530 2055 praedium
550 1983 751 2054 pertinentium,
771 1983 897 2054 recipere
918 1982 1030 2038 dominis
1051 1997 1104 2038 non
1125 1981 1242 2040 licuisse

112 2091 145 2130 ne
171 2076 352 2133 minuerentur
379 2078 534 2133 colonorum
559 2078 688 2150 praedia,
713 2077 783 2132 unde
808 2077 923 2149 publicis
948 2075 1091 2133 satisfieret
1115 2078 1242 2135 servitiis

113 2170 208 2240 quibus
234 2172 400 2244 praestandis
430 2173 559 2228 ecclesias
588 2178 616 2226 et
642 2166 776 2244 ‘equestris
805 2173 906 2228 ordinis
936 2186 1112 2245 possessores
1143 2180 1241 2230 conatu

113 2265 240 2323 immunes
259 2267 350 2324 luisse.
381 2268 493 2324 Diversa
514 2273 603 2323 autern
623 2267 699 2322 ratio
713 2273 773 2322 erut
792 2269 906 2340 primum
927 2282 1066 2338 agrorum,
1085 2284 1156 2339 quos
1174 2269 1242 2325 enin

114 2359 201 2416 coloni
222 2362 338 2432 ejusdem
359 2363 487 2418 heredum
512 2361 710 2418 usufructuario
728 2363 790 2433 jure
816 2363 915 2418 liberos
940 2361 1091 2435 recipiebat
1113 2364 1242 2436 proprie·

113 2455 174 2510 tatis
200 2456 336 2527 dominus,
367 2458 461 2519 deinde
492 2458 640 2513 vacantium
670 2457 864 2526 hereditatum,
895 2474 959 2528 quas
984 2456 1041 2512 fisci
1062 2457 1127 2529 jure
1153 2459 1242 2515 unius

114 2554 241 2622 cujusque
261 2557 352 2607 terrae
372 2553 499 2626 princeps
520 2554 571 2608 sibi
585 2552 737 2608 vindicabat
758 2556 797 2620 (c.
811 2551 874 2623 30),
895 2552 1016 2624 exceptis
1036 2553 1147 2608 rusticis
1163 2570 1242 2626 prae·

114 2645 176 2717 diis,
197 2661 309 2718 quorum
326 2648 452 2720 publicae
466 2647 618 2703 functiones
632 2647 807 2703 beneficiario
819 2649 882 2718 jure
898 2646 932 2701 ad
952 2646 1089 2702 interioris
1111 2648 1242 2721 cujusdam

110 2740 210 2810 judicis
232 2741 357 2798 ditionem
382 2742 559 2815 pertinebant.
599 2741 735 2813 Ejusmodi
761 2742 831 2796 enim
857 2741 998 2796 tributaria
1022 2741 1153 2814 praedia,
1182 2761 1242 2816 quat

114 2837 238 2908 recipere
258 2838 434 2910 proprietatis
451 2837 558 2893 domiuo
574 2838 732 2909 permissum
753 2852 806 2892 non
827 2842 895 2906 erut,
916 2836 995 2891 salvis
1015 2841 1104 2891 tamen
1125 2838 1242 2894 censibus

115 2937 301 3006 experpetua
321 2932 461 2987 locationis
482 2932 544 3003 lege
565 2931 761 3004 percipiendis,
786 2931 946 3003 possidenda
967 2936 1012 2986 aut
1032 2930 1184 2990 relucendo
1205 2932 1242 2988 in·

115 3022 210 3080 feriori
227 3025 312 3096 Judiei
332 3027 477 3096 vacabant,
504 3014 699 3083 mobilia-uero
720 3026 844 3081 universa
869 3025 987 3080 defuncti
1012 3026 1083 3082 bona
1108 3026 1170 3083 lisoi
1187 3030 1242 3098 jun

116 3118 149 3173 ad
169 3119 298 3192 principis
318 3127 419 3176 tantum
440 3122 571 3177 aerarium
593 3121 793 3192 redigebantur.

192 3214 341 3270 Saxouious
362 3217 479 3289 scriptor
500 3221 564 3284 (art.
582 3214 650 3284 tes)
672 3216 699 3271 in
718 3215 849 3271 translato
864 3214 1066 3271 beronici-libri
1081 3215 1157 3287 loco,
1178 3217 1242 3274 nullu

115 3325 165 3365 nec
184 3310 360 3382 proprietatis
381 3311 480 3367 domini
501 3328 551 3367 uec
571 3311 707 3366 mobilium
723 3312 855 3366 bonorum
876 3309 981 3366 ratione
996 3311 1099 3380 habita,
1120 3318 1242 3368 vacante:

115 3403 318 3460 tributariorum
337 3406 442 3477 fundos,
462 3407 507 3478 qui
527 3405 606 3460 trium
628 3421 788 3475 mansorum,
810 3421 876 3477 quos
898 3412 1005 3476 vocent,
1026 3420 1178 3463 mensuram
1199 3423 1242 3463 nor

115 3499 262 3571 excedant,
289 3500 323 3556 od
344 3501 443 3572 judicis
464 3502 592 3557 vicarium
618 3501 678 3572 („in
698 3501 747 3556 daz
769 3497 978 3568 schulteidum'')
999 3501 1139 3574 pertinere
1165 3507 1242 3558 notat

116 3600 225 3649 caetera
251 3610 319 3651 vero
345 3596 431 3666 bona,
461 3598 639 3667 cujuscunque
667 3595 827 3651 conditionis
854 3594 993 3650 defunctus
1018 3594 1117 3666 luerit,
1149 3595 1242 3653 deierr

115 3689 220 3760 plenam
237 3690 367 3745 comitum
381 3690 596 3762 jurisdictionem
612 3691 782 3760 habentibus,
805 3691 925 3762 exceptis
943 3689 1054 3760 triginta
1070 3690 1115 3745 vel
1132 3691 1242 3763 plurius

117 3799 267 3839 mansorum
287 3784 444 3856 latifundiis,
466 3801 533 3858 quae
554 3785 605 3857 ipsi
624 3792 725 3840 tantum
745 3786 806 3856 regi
827 3800 926 3840 vacare
950 3791 1118 3844 censeantur.
1158 3787 1242 3842 luter·

117 3878 274 3949 pungendus
294 3881 362 3934 euim
383 3880 504 3935 saxonici
519 3880 583 3935 libri
599 3880 673 3935 locus
694 3886 749 3936 est:
770 3879 889 3950 „lrstirit
902 3895 954 3949 eyn
971 3879 1052 3949 eigen
1065 3894 1120 3935 von
1135 3897 1242 3951 eynemu

117 3974 278 4044 biergelden
308 3975 432 4045 erbelos,
461 3975 504 4030 dri
532 3976 620 4029 buveu
646 3973 713 4029 oder
740 3974 773 4029 da
799 3974 935 4044 heroden,
966 3970 1120 4031 dau'lroret
1147 3975 1176 4030 in
1203 3976 1242 4032 da:

118 4068 309 4139 acbulteidum3
337 4084 401 4124 von
427 4086 546 4126 sweme
572 4069 603 4123 iu
629 4069 734 4124 stirbt
760 4084 813 4124 von
835 4069 924 4140 driaig
943 4070 1031 4125 buven
1052 4068 1121 4124 oder
1142 4069 1177 4126 da
1199 4072 1242 4128 be·

117 4164 215 4234 nedem
238 4164 287 4219 dun
308 4165 388 4222 buret
408 4165 434 4220 in
455 4165 488 4220 de
510 4163 686 4235 graveschol3
714 4164 738 4218 in
759 4163 781 4218 is
802 4180 858 4218 mer
879 4164 931 4218 deu
952 4164 1040 4236 drinig
1059 4164 1159 4236 buven,
1180 4166 1242 4223 soi

119 4259 144 4314 iz
169 4260 246 4316 deme
272 4260 387 4331 coniuge
414 4260 474 4316 alliu
501 4259 577 4329 ledig
599 4255 741 4328 worden',
770 4274 820 4313 nec
846 4264 874 4314 ut
899 4259 1056 4332 plerumque
1082 4258 1126 4330 fit,
1152 4261 1241 4317 verba

119 4338 198 4427 „von
208 4371 308 4414 sweme
324 4355 349 4413 in
365 4351 474 4427 stirbt'',
489 4353 627 4427 jungenda
646 4359 706 4445 sunt
718 4353 943 4414 antecedentibus
959 4353 1065 4412 vorbis:
1085 4353 1157 4428 „daz
1171 4355 1242 4414 bora
