2722 4898
571 338 786 403 ..44-

108 512 254 592 ipsosque
280 529 331 590 se‚·
346 511 632 576 ‹animadvertentes
656 512 823 590 desectum,
845 529 925 592 quae
947 512 1061 576 omissa
1084 519 1189 576 essent
1211 511 1241 574 in

111 632 219 678 aversa
242 615 434 678 membranae
458 617 570 699 pagina
592 616 726 698 suppleri
748 614 966 690 fecissent¹).·

194 717 306 781 Taliter
328 721 501 799 conscripto
524 719 594 782 huic
616 721 832 798 instrumento,
858 719 909 781 cui
936 719 1083 781 autentici
1095 775 1097 778 .
1110 720 1245 800 speciem

111 821 329 884 conciliaverat
351 821 614 885 affixumHenrici
636 823 717 885 tertii
735 823 823 885 ducis
846 821 985 904 sigillum,
1006 822 1160 886 ilenricus
1184 823 1245 886 dux

110 931 236 1003 quamtis
258 925 433 1008 indignatus
448 926 569 1004 quidem
587 933 644 1006 est,
667 945 716 988 ex-
730 926 852 1006 propriu
875 925 1191 989 civium-auctoritate
1215 927 1246 988 iu

111 1027 203 1092 dorso
227 1028 379 1109 adscripta
404 1029 552 1108 quaedam
578 1047 665 1110 esse,
694 1029 821 1092 iteratis·
838 1035 939 1091 tamen
968 1030 1079 1091 civium
1100 1030 1246 1111 precibus

108 1131 334 1210 reconciliatus,
357 1139 389 1194 ut
411 1134 600 1196 instrumenti
622 1134 703 1198 vitiis
725 1133 909 1212 mederetur,
932 1133 1091 1212 utriusque
1112 1134 1246 1216 paginae

112 1236 307 1315 scriptionem
330 1235 394 1298 suis
407 1237 561 1301 ‘insertum
585 1238 682 1300 literis
704 1237 825 1298 tandem
848 1235 1047 1300 confirmavit.

196 1336 441 1402 Urati'slnviensis
463 1340 540 1403 baec
559 1339 850 1422 June-municipalis
872 1340 974 1402 tabula
995 1340 1247 1422 maximnm-qui·

111 1441 179 1503 dem
207 1447 324 1521 partem
351 1442 457 1506 hausta
485 1452 532 1507 est
557 1464 599 1507 ex
622 1444 730 1507 eodem
759 1443 858 1506 libello
881 1461 971 1523 quem
988 1443 1041 1525 jus
1061 1444 1246 1525 municipale

111 1545 292 1608 saxonicum
319 1546 413 1608 variis
444 1554 545 1610 tamen
580 1555 700 1611 auctum
728 1546 957 1610 accessionibus
983 1547 1118 1613 exbibet.
1162 1547 1247 1611 Loca

114 1655 217 1710 autem
235 1648 272 1710 de
295 1649 417 1712 militari
438 1659 601 1733 apparatu,
618 1651 676 1714 de
697 1649 923 1715 usufructuario
945 1650 1114 1715 uiduarum·
1121 1651 1195 1732 jure
1217 1658 1248 1713 et

113 1752 150 1814 de
179 1752 280 1815 rebus
301 1752 339 1814 ad
367 1754 542 1833 muliebrem
556 1754 809 1835 suppellectilem
825 1754 1057 1836 pertinentibus
1074 1772 1148 1818 non
1175 1753 1248 1818 huic

111 1853 187 1918 fonti
209 1855 265 1918 sed
283 1845 433 1921 saxonico
449 1858 526 1939 juris
542 1859 708 1920 communis
724 1857 804 1921 libro
821 1858 991 1937 debentur‚'
1004 1858 1091 1939 euJ'us
1107 1858 1249 1938 exemplu

110 1963 306 2042 interspersis
319 1961 525 2024 *librariorum
552 1961 796 2026 annotationibus
822 1959 999 2045 amplificata
1018 1961 1082 2043 jam
1103 1968 1248 2025 entem·

110 2082 187 2146 pore
215 2082 344 2128 neeesse
373 2073 422 2128 est
448 2066 480 2128 in
511 2082 605 2128 usum·
626 2066 765 2143 senisse}
802 2065 953 2145 siquidem
986 2065 1019 2127 in·
1044 2063 1250 2128 recensendis

112 2168 203 2232 rebus
233 2168 271 2231 ad
286 2168 740 2256 ‘suppellectilemmuliebrem
768 2169 989 2249 pcrtinentibus
1012 2175 1072 2230 tam
1100 2167 1249 2234 uratisla-

112 2272 226 2336 viensis
254 2271 353 2334 tabula
383 2288 472 2351 quam
495 2272 619 2352 ‘speculi
648 2273 787 2336 saxonici
821 2273 852 2335 in
886 2278 949 2335 tres
976 2271 1071 2334 libros
1100 2270 1250 2352 dispertiti

113 2374 244 2438 eodices
256 2374 408 2454 ejusmodi
420 2365 719 2440 -observatiuncdlam
734 2375 888 2455 exhibent,
900 2388 991 2456 -tpuae
1014 2391 1115 2456 neque
1137 2374 1250 2437 in'bn-

113 2479 223 2540 varice·
237 2476 322 2540 libro
352 2478 602 2560 deprehenditur,
636 2496 737 2559 neque
768 2480 801 2541 in
834 2478 974 2551 saxonici
1007 2478 1077 2541 libri
1105 2477 1250 2559 exemplo

113 2580 403 2664 quedlinburgensi5
431 2582 513 2662 quod
541 2583 678 2663 proxime
707 2582 746 2645 ad
772 2582 898 2664 primam
920 2582 1008 2663 hujus
1030 2581 1098 2644 libri
1121 2579 1249 2649 formam

114 2684 237 2748 videtur
250 2686 496 2759 accedere¹).⁴
640 2693 647 2699 ·

193 2928 224 2998 1)
250 2926 360 2983 ilenrici
375 2925 461 2996 ducis
480 2925 619 2998 diploma:
645 2927 742 2998 „Haec
768 2933 828 2984 sunt
850 2927 913 3001 jura
935 2934 1003 3000 duae
1023 2924 1050 2982 in
1069 2912 1251 2982 Instrumenta

115 3010 363 3079 autentico'lelicis
394 3014 654 3100 memoriis-patris
683 3022 770 3078 uottri
798 3021 872 3078 dud's
898 3014 1018 3078 lleinriei
1045 3021 1250 3095 conscripta

116 3116 309 3188 diligenter
330 3115 525 3172 invenimus-et
545 3119 596 3190 pei
621 3113 734 3172 eundem
753 3110 858 3174 indultu¹
874 3116 977 3175 civibus
999 3115 1148 3172 antedictis.
1190 3114 1251 3182 One

115 3228 176 3268 cnm
198 3229 248 3286 per
266 3211 526 3283 ⁴negligentiam
553 3217 610 3267 ant
633 3212 806 3281 ignuvlnm
832 3220 963 3284 eornm,
987 3211 1045 3283 qui
1070 3224 1134 3283 pro
1159 3215 1251 3265 tem·-

115 3317 198 3380 pote
223 3306 376 3378 inerant,
408 3310 524 3362 essent
553 3305 904 3380 detecti-veprep-ter
934 3305 1098 3363 scedulae
1124 3305 1251 3360 brevi-

115 3406 220 3460 tutem
233 3402 436 3475 iuscripta,
461 3401 621 3459 obmissis
641 3401 843 3474 quibusdam
867 3402 1006 3472 articulis,
1033 3393 1085 3473 qu'e
1109 3400 1159 3456 lus
1178 3415 1252 3472 pre-

115 3496 215 3554 dictum
227 3497 415 3554 nichilominus
429 3496 588 3567 contingere
597 3495 770 3569 uidebantur,
783 3497 901 3569 predicti
914 3497 1001 3553 neeri
1011 3496 1096 3564 eires,
1108 3494 1252 3567 cupientes

116 3591 266 3663 hujusmodi
287 3591 415 3664 supplere
428 3590 573 3662 delectum,
587 3592 720 3651 obprimes
730 3591 933 3663 ejusden-juris
949 3590 1078 3648 articulos
1098 3586 1252 3651 indiscretis

116 3687 154 3742 usi
176 3685 295 3753 consiliis
316 3686 408 3743 taliter
428 3686 635 3760 suppleverunt,
660 3692 689 3742 ut
710 3687 754 3757 jus
780 3686 853 3759 quod
878 3686 905 3761 in
929 3684 1057 3757 originali
1076 3683 1252 3763 negligenter

118 3780 206 3836 extitit
226 3781 461 3852 praetermissum,
484 3782 510 3836 in
532 3781 586 3836 alio
607 3762 692 3836 latere
713 3780 1019 3852 iustrumenti'ejusdem
1039 3785 1142 3835 temere
1162 3776 1250 3834 duce-

117 3880 177 3929 rent
198 3872 423 3930 inscribendum.”

195 3968 228 4036 2)
256 3969 320 4023 ron
342 3969 428 4024 uerba
449 3968 698 4041 quedlinburgensis
724 3968 842 4040 exempli
868 3967 933 4037 (irrt.
946 3969 1041 4043 livit:
1067 3951 1252 4039 „rnehdaIreu

119 4063 189 4119 unde
209 4063 235 4118 nl
256 4059 409 4133 gebende”,
435 4061 509 4118 addit
535 4063 746 4119 matislavieusis
763 4063 861 4118 'tabula
888 4066 929 4131 (§.
950 4063 1036 4132 242J:
1062 4059 1126 4132 „diu
1146 4061 1252 4116 istdnn

119 4170 170 4212 uuo
190 4170 321 4213 vrouwen
341 4157 406 4213 rade
426 4157 512 4212 horst.
544 4158 619 4213 Ncelr
634 4158 674 4212 ist
693 4155 910 4229 manegerhaude
929 4157 1057 4212 kleioote.
1079 4155 1129 4210 dar
1149 4155 1253 4211 darnuo

119 4252 207 4307 heret.
234 4251 321 4307 eleine
341 4253 384 4308 riie
405 4252 537 4308 beuuome
562 4251 606 4307 ich
621 4252 655 4306 'ir
680 4251 849 4313 sunderliche
869 4252 950 4309 nicht.
978 4251 1033 4307 else
1053 4250 1173 4306 buorste.
1196 4248 1253 4304 vnd

119 4346 226 4404 sciere.
256 4347 310 4404 vnd
336 4343 486 4419 spiegele.”
532 4345 660 4404 Similiter
684 4347 805 4404 saxonici
830 4347 935 4421 speculi
960 4344 1137 4403 berolinensis
1162 4343 1253 4401 codex
