2722 4898
543 347 760 413 ..81-

114 532 227 606 nautam
248 523 413 589 intenderit
435 530 521 588 actor
543 540 623 587 con-

114 628 259 708 demnetur3
284 636 335 694 aut
349 630 380 692 in
396 626 516 709 capitali
531 645 626 693 causa

111 734 300 814 proscriptioni
321 732 473 797 obnoxius
492 730 552 811 dat,
571 730 626 813 ju-

112 834 169 900 dicis
178 838 300 916 insuper
310 836 424 900 mulcta
434 832 626 921 afficiendus.

152 939 353 1011 Proscriptionis
369 937 478 995 vinculo
497 936 630 1010 ejusmodi

111 1039 270 1090 contumacem
286 1034 396 1090 absente
413 1038 507 1089 actore
522 1048 576 1089 uon
589 1031 629 1088 ii·

109 1127 234 1184 terendum
247 1145 314 1185 esse.
342 1126 372 1184 Si
385 1133 413 1185 et
425 1134 503 1185 actor
517 1133 546 1193 et
558 1142 628 1183 con-

109 1227 179 1279 tumax
187 1228 344 1296 praesentes
359 1237 452 1279 coram
459 1222 553 1295 iudice
566 1221 629 1277 iue-

109 1316 160 1389 rint,
180 1317 377 1391 proscriptioni
403 1317 534 1375 eximatur
559 1333 632 1388 reus,

109 1419 228 1485 postquam
262 1412 368 1484 judicio
403 1411 513 1469 sistendi
547 1427 631 1467 cansa

109 1503 257 1577 fidejussores
274 1506 330 1563 dati
344 1504 459 1578 fuerint3
476 1504 562 1575 judici
577 1522 630 1562 au-

110 1603 155 1670 tem,
173 1602 275 1657 etiamsi
291 1601 397 1672 judicio
417 1606 532 1672 accepto
553 1614 632 1656 causa

110 1699 167 1750 actor
186 1695 334 1767 ceciderit,
354 1693 540 1752 contumaciae
558 1694 631 1750 mul-

111 1791 162 1843 ctam
180 1788 283 1847 deberi.

151 1883 319 1940 dissimulans
348 1884 383 1941 ad
413 1884 466 1940 iori
496 1884 632 1942 cancellos

111 1990 131 2031 sc
144 1978 253 2035 edidisse
273 1994 327 2051 quo
346 1984 470 2052 tempore
490 1980 631 2036 citationes

111 2067 180 2129 iactae
210 2073 326 2144 inerint,
359 2074 460 2146 tribus,
494 2075 539 2148 qui
573 2090 633 2130 eum

111 2175 260 2236 praesentem
290 2169 494 2241 conspexerint,
527 2169 632 2226 testium

112 2257 172 2318 dictis
190 2260 375 2320 convincatur.
1086 2286 1089 2291 ·

153 2355 267 2439 Caput
294 2356 364 2422 108.
398 2358 632 2439 Proscriptionis
742 2358 807 2422 Art.
824 2358 875 2424 51.
903 2357 1015 2435 ‚flocco
1029 2358 1099 2423 siclo
1112 2379 1151 2422 oz
1167 2359 1225 2423 der

112 2457 214 2524 uinculo
243 2467 406 2524 contumax
433 2461 633 2542 quemadmo-
684 2468 834 2543 oeatoope
854 2463 925 2526 amn
947 2463 1088 2527 acii-3⁹

112 2559 165 2626 dum
184 2564 362 2628 eximendus
384 2565 432 2629 sit.

481 2763 514 2839 i.
540 2765 843 2858 conceptionum

181 2916 300 3001 Caput
324 2916 394 2983 too.
437 2919 628 3001 Proscripto,
652 2919 678 2983 si
698 2919 729 2982 in
747 2919 798 3002 jus
821 2925 926 3001 raptus
949 2917 1055 3000 fuerit,
1078 2918 1225 3002 excipere

112 3013 198 3101 icere,
220 3041 261 3085 ne
283 3022 392 3087 diebus
414 3021 532 3087 feriatis
554 3040 627 3086 reus
651 3023 851 3087 constituatur
857 3045 866 3101 ;
890 3023 1030 3105 exceptis
1052 3030 1153 3086 tamen
1173 3023 1226 3105 qui

112 3115 258 3188 inrecens
282 3127 446 3193 ,commisso
471 3125 595 3188 crimine
622 3126 808 3207 deprehensi
837 3132 913 3190 sunt.
961 3112 994 3192 Si
1021 3133 1122 3190 tamen
1149 3145 1227 3210 pur-

112 3241 172 3305 gare
189 3231 408 3294 contumaciam
430 3228 513 3308 velit,
536 3226 652 3292 seriatis
670 3230 792 3311 quoque
811 3230 918 3293 diebus
940 3229 1122 3294 audiendum
1145 3248 1227 3296 esse.

112 3325 272 3399 dundenae
295 3333 432 3397 inducias
454 3333 646 3415 proscriptis,
671 3333 809 3413 exceptis
833 3340 933 3395 tamen
954 3316 1125 3412 homicidis,
1148 3352 1229 3397 con-

112 3433 177 3514 cedi,
198 3436 374 3516 priusquam
396 3442 448 3500 aut
469 3453 576 3500 manus
599 3437 656 3499 illis
679 3436 851 3518 injiciantur
869 3443 919 3499 aut
933 3436 1081 3500 bonorum
1097 3418 1227 3518 posses·

111 3533 184 3601 sione
205 3540 372 3620 priventur.
499 3624 502 3629 Ι

182 3638 300 3723 Caput
320 3643 390 3707 110.
428 3632 509 3707 Rem¹
526 3663 630 3709 coron
648 3640 793 3709 defuncto
810 3643 916 3726 judice
938 3644 1050 3707 finitam
1073 3645 1128 3709 sub
1148 3663 1229 3712 exa·

111 3758 165 3806 nen
183 3763 285 3809 coram
309 3764 492 3812 successore
515 3748 581 3829 ejus
598 3749 804 3813 revocandam
823 3766 884 3811 non
901 3764 981 3811 esse.
1015 3748 1136 3812 Minime
1150 3767 1227 3813 vero

111 3846 148 3907 rei
166 3847 321 3929 Judioatae
349 3852 563 3934 exceptionem
594 3853 690 3915 actori
718 3870 785 3915 cam
808 3852 848 3915 ob
875 3868 998 3915 causam
1027 3852 1229 3933 objiciendam

111 3964 185 4031 esse,
213 3954 295 4032 quod
322 3954 423 4017 illatae
451 3953 579 4035 injuriae
608 3955 747 4018 mulctum
765 3954 866 4036 judex¹
886 3955 1056 4036 acceperit,
1086 3954 1230 4035 quamdiu

112 4048 158 4131 ipsi
179 4055 366 4120 satisfactum
388 4075 450 4120 non
471 4055 572 4122 fuerit.
1256 4055 1267 4064 “

182 4165 290 4240 caput
312 4167 375 4225 ¹¹1.
416 4168 457 4225 Ex
476 4177 651 4244 personarum
671 4170 802 4242 dignitate
826 4177 854 4227 et
873 4171 969 4244 cnlpae
990 4173 1070 4230 modo
1089 4174 1117 4229 in
1137 4174 1228 4231 actio-⁴

114 4255 193 4333 aiom,
216 4278 285 4337 quae
306 4278 411 4337 poenae
431 4266 648 4337 persecutionem
667 4266 781 4340 habent,
805 4267 937 4325 bonorum
956 4269 1077 4327 virorum
1096 4268 1229 4324 arbitrata

114 4346 175 4415 litem
193 4358 382 4420 aestimandam
402 4376 472 4424 esse.
