2722 4898
539 348 775 419 ..281-

544 624 549 639 ’
591 625 724 698 ῙιΝ.

173 763 404 839 saxonici
432 762 622 852 speculi
652 762 1053 852 supplementum
1082 780 1143 835 cx

461 865 698 941 bovarico
726 867 856 940 libro

87 1012 163 1078 quo
193 995 449 1060 continuatur
471 993 842 1080 quedlinburgensis
866 992 1031 1076 exempli
1058 963 1221 1076 supple-

568 1105 742 1163 mentum.

177 1254 274 1318 Notae
289 1253 423 1320 bavarici
440 1252 508 1317 libri
523 1253 561 1317 ad
578 1253 728 1334 antiquam
743 1252 953 1334 BaJuariorum
968 1253 1068 1336 legem
1085 1252 1221 1317 insertae

86 1365 160 1439 post
175 1366 262 1421 notas
281 1358 318 1420 ad
333 1357 484 1421 'lancredi
501 1357 617 1421 titulum
634 1357 695 1438 „de
714 1357 872 1420 sententiis
891 1364 923 1419 et
940 1354 1219 1420 interlocutionibus
1276 1342 1280 1349 ¹

90 1465 202 1542 (supra
222 1480 251 1542 p.
270 1461 369 1536 l05)''
393 1461 491 1542 capita
517 1460 605 1525 istius
634 1460 826 1524 collectionis
855 1460 979 1540 explent
1007 1478 1024 1522 a
1052 1459 1220 1525 centesimo

89 1562 327 1647 quadragesimo
351 1565 478 1644 septimo
500 1581 598 1643 usque
627 1564 666 1626 ad
695 1571 784 1645 caput
806 1563 1003 1626 centesimum
1025 1561 1221 1644 septuagesi-

91 1685 171 1729 mum
193 1667 357 1730 secundum
382 1668 463 1746 quod
486 1667 628 1730 convenit
649 1667 800 1730 Tancredi
822 1666 923 1730 titulo:
947 1683 1048 1746 „quae
1070 1665 1221 1730 sententia

90 1769 158 1849 ipso
176 1769 246 1851 jure
269 1771 308 1832 sit
329 1769 440 1834 nulla.’'

174 1873 292 1936 ‘Primus
311 1881 408 1936 autem
428 1874 703 1955 supplementorum
721 1873 851 1953 scriptor
866 1873 1114 1955 interpretandae
1132 1870 1220 1953 hujus¹

86 1976 256 2056 particulae
280 1976 414 2040 laborem
437 1984 488 2040 aut
509 1979 575 2058 ipse
601 1995 662 2040 non
685 1976 919 2058 consummavit,
945 1983 997 2040 aut
1019 1975 1221 2056 quedlinbur-

86 2096 186 2162 gense
210 2080 378 2160 exemplum
401 2099 438 2143 ea
462 2081 491 2142 in
515 2089 600 2161 parte
619 2080 764 2143 adfinem
782 2080 959 2161 perductum
981 2098 1042 2142 non
1065 2086 1127 2157 est;
1149 2095 1219 2141 nam

85 2181 233 2244 deficiunt
249 2191 436 2267 argumenta,
453 2201 531 2263 quae
548 2184 586 2246 ad
602 2184 743 2263 antiquae
757 2184 921 2246 bavaricae
935 2181 1012 2266 legis
1027 2180 1221 2246 titululell
1290 2243 1294 2247 .
1340 2207 1347 2219 “

85 2284 128 2347 de
152 2285 373 2350 venditionibus
396 2287 558 2351 bavaricus
580 2287 657 2350 liber
680 2287 770 2352 offert
792 2287 937 2368 capitibus
957 2283 1134 2349 ita-tii.

175 2389 252 2452 Huic
281 2399 379 2453 autem
407 2392 477 2454 loco
508 2392 692 2454 conveniunt
720 2408 799 2471 quae
831 2397 901 2472 posi
933 2387 1219 2472 quedlinburgensis

85 2493 220 2573 exempli
249 2494 406 2558 articulum
428 2500 612 2576 postremum
638 2495 669 2556 in
698 2495 823 2575 speculo
847 2493 995 2557 saxonico
1016 2492 1158 2576 leguntur
1181 2491 1219 2553 de

84 2596 280 2658 immobilium
303 2615 406 2660 rerum
429 2597 662 2661 alienationibus
683 2596 753 2658 libri
770 2596 1005 2659 tertiiarticuiis
1021 2596 1063 2659 82
1078 2603 1108 2658 et
1123 2594 1176 2660 83.

603 2752 707 2871 nv.

240 2937 596 3026 supplementa
624 2935 846 3009 saxonici
875 2935 1085 3024 speculi

116 3062 160 3125 ad
189 3064 369 3128 bavarici
396 3064 489 3127 libri
516 3063 769 3128 imitationem
798 3069 984 3144 concepta
1012 3061 1191 3142 locisque
1275 3126 1277 3130 ,

394 3167 725 3233 convenientibus
753 3167 914 3230 inserta.

173 3323 332 3385 Maximam
356 3324 477 3402 quidem
500 3331 616 3404 partem
637 3324 706 3387 loca
732 3322 872 3386 saxonici
894 3320 1012 3402 speculi
1032 3320 1113 3383 haud
1134 3338 1216 3400 rara,

85 3443 167 3506 quae
189 3426 299 3490 desunt
321 3427 353 3489 in
377 3426 646 3510 quedlinburgensi
674 3426 813 3505 exemplo
840 3432 907 3489 orta
934 3430 1004 3488 sunt
1029 3442 1069 3486 cx
1092 3422 1216 3486 scholiis

84 3544 250 3619 rerumque
261 3529 463 3610 judicatarum
478 3529 592 3593 notitiis
608 3548 649 3591 ex
663 3528 797 3612 margine
813 3529 844 3591 in
855 3528 1029 3590 continuam
1043 3526 1217 3606 scriptionis

85 3631 199 3695 seriem
222 3633 373 3696 translatis
397 3640 558 3713 antequam
579 3632 663 3697 libris
682 3631 877 3712 articulisque
894 3631 1064 3694 distinctum
1086 3630 1217 3693 saxoni·
1278 3660 1281 3667 ·

86 3752 156 3796 oum
180 3753 256 3816 opus
285 3737 324 3799 ad
354 3745 484 3818 certam,
514 3754 592 3816 quae
615 3743 722 3818 postea
745 3736 888 3814 obtinuit,
917 3734 1058 3797 lectionis
1080 3751 1216 3795 normam

84 3837 242 3900 redactum
271 3847 328 3904 est.
372 3840 537 3904 Nonnullas
567 3846 667 3902 lamen
694 3839 858 3920 particulas
887 3838 957 3901 hine
985 3837 1055 3900 inde
1083 3837 1214 3900 insertas

84 3941 253 4020 scriptioni,
272 3961 360 4022 quam
377 3943 653 4027 quedlinburgense
669 3942 839 4022 exemplum
854 3941 990 4019 exhibet,
1011 3941 1139 4002 iteratae
1154 3940 1214 4001 ba-

83 4044 181 4105 varici
216 4045 319 4125 operis
355 4045 508 4108 collationi
542 4045 798 4127 acceptoferenda
831 4062 901 4108 esse
930 4042 1061 4106 dubitari
1092 4043 1212 4107 omnino

84 4148 199 4226 nequit.
243 4149 395 4210 Pertinent
417 4166 471 4211 eo:

172 4250 239 4314 libri
261 4251 287 4313 ll
313 4251 456 4315 articulus
480 4249 521 4312 58
548 4269 566 4312 a
588 4252 708 4315 verbis:
736 4250 807 4330 „Ab
835 4251 886 4313 cin
914 4249 989 4312 ttod
1017 4249 1085 4313 sinc
1110 4248 1215 4311 borbel

85 4351 185 4416 bebelt
201 4374 217 4416 e
234 4356 293 4420 deo
310 4357 484 4437 ainotopco.
506 4338 568 4418 doe
585 4354 645 4419 dou
660 4361 716 4436 pot
731 4354 893 4420 cerdienet
909 4354 953 4418 ist
967 4353 1058 4432 etc.’'‚
1080 4351 1211 4435 scriptus
