2722 4898
625 339 862 403 -rsa-

263 511 312 575 dd
334 512 440 593 capitis
462 512 526 576 ato
547 514 657 578 verba:
683 533 773 594 „wan
796 513 842 578 sol
865 514 896 576 in
918 511 1028 576 zehant
1050 511 1233 577 verebten'':

235 649 342 723 Caput
358 647 422 708 2i6.
453 651 717 709 Excommunicatum

176 751 237 818 post
262 751 362 802 sextam
386 747 573 804 hebdomaden
593 748 718 821 proscri-

64 839 65 843 ’
176 841 306 912 bendum,
329 843 509 915 proscriptum
530 843 563 898 ab
585 843 718 900 ecclesia-

176 935 345 1006 sticojudice
355 937 639 994 excommunicandum
652 955 719 1008 esse,

176 1045 262 1102 eoque
280 1031 388 1088 vinculo
404 1048 489 1103 reum,
510 1032 532 1087 si
553 1032 718 1102 emendetur,

114 1197 117 1203 ι
175 1125 251 1197 prius
277 1126 445 1182 eximendum
468 1142 543 1197 esse,
569 1143 621 1198 quo
642 1126 719 1199 prior

175 1220 335 1277 constrictus
357 1227 430 1291 erat,
452 1239 503 1278 nec
522 1221 719 1278 restitutionem

175 1315 329 1388 proscripto
341 1316 538 1372 concedendam
550 1317 719 1389 essc,prius-

176 1425 254 1480 quam
274 1410 435 1468 satisfecerit
450 1411 572 1467 damnum
588 1426 670 1484 passo
682 1415 719 1482 ¹).

261 1540 315 1603 Ad
339 1545 453 1622 caput
476 1541 548 1605 219.
584 1538 674 1621 „Gen
692 1559 753 1604 von
774 1539 927 1608 miulinen.
951 1541 1012 1605 vnd
1034 1559 1096 1607 von
1118 1540 1230 1634 nollem.
1254 1541 1314 1604 und

176 1662 237 1707 von
258 1663 399 1709 mvnzen.
429 1645 489 1709 und
511 1664 572 1710 von
596 1645 712 1708 andren
735 1645 856 1729 dingen.
886 1645 925 1708 ist
943 1645 1165 1739 'verdienet
1195 1645 1314 1708 sweten

175 1754 228 1831 teg
250 1747 305 1810 der
327 1768 394 1811 man
418 1748 627 1813 bescheidet.’'
853 1739 856 1747 ’
1018 1735 1021 1745 ’

234 1886 341 1959 Caput
354 1887 418 1943 247.
433 1889 503 1943 Puer
514 1887 640 1959 puellare
653 1903 720 1942 eru-

176 1981 269 2037 diendi
287 1997 366 2037 causa
380 1981 472 2037 traditi
489 1983 629 2054 magistro,
649 1996 718 2037 con·

175 2075 266 2130 stituta
288 2076 314 2131 in
335 2076 469 2148 integrum
488 2077 623 2134 biennium
643 2093 719 2133 mer-

176 2169 253 2239 cede,
267 2169 290 2225 si
303 2170 358 2225 vita
371 2171 446 2243 prius
462 2172 614 2243 iungantur,
627 2171 719 2228 habita

176 2264 306 2337 temporis
323 2265 428 2321 ratione
446 2267 639 2323 restituendam
659 2283 717 2322 esso

177 2358 280 2414 solutae
295 2360 428 2417 mercedis
442 2366 556 2434 partem,
569 2361 607 2418 ita
620 2368 719 2431 tamen,

176 2453 274 2524 utplus
287 2455 456 2527 restituatur,
471 2456 492 2511 si
503 2456 610 2512 vixdum
623 2461 721 2528 coepta

176 2547 307 2605 institutio
324 2549 474 2623 interrupta
490 2551 582 2620 tuerit,
598 2551 659 2623 quia
676 2551 720 2606 in-

177 2642 322 2701 stitutionis
341 2645 491 2718 primordia
513 2645 649 2717 magistris
671 2661 720 2701 so-

176 2738 249 2795 leant
264 2739 420 2797 difficiliora
437 2757 505 2798 esse.
532 2740 585 2796 Ubi
598 2740 721 2812 discipu-

176 2832 245 2906 lum,
271 2841 300 2890 ut
324 2834 473 2891 immodicis
499 2835 720 2907 castigationibus

177 2929 343 3002 eriperetur,
355 2930 508 3004 receperint
522 2937 657 3003 parentes,
675 2930 720 2986 in-

182 3052 387 3065 ...fi—v...

245 3118 362 3190 Operae
378 3119 424 3176 vin
443 3121 560 3193 pretium
581 3120 634 3178 erit
651 3119 697 3176 bic
717 3134 827 3176 monere
847 3135 925 3191 quam
945 3119 979 3175 sit
998 3118 1081 3176 sutilis
1101 3118 1194 3192 opinio
1215 3118 1315 3177 existi-

60 3207 66 3215 *
176 3212 303 3269 montium
328 3215 468 3271 uetustatis
499 3215 687 3272 auctoritatem
716 3231 782 3288 prae
813 3214 924 3270 suevico
954 3214 1025 3271 libro
1054 3214 1226 3271 tribuendam
1256 3229 1315 3270 esse

177 3307 306 3364 saxonico
334 3309 461 3382 speculo,
491 3311 563 3381 quod
580 3310 708 3382 ·putrium
735 3310 779 3380 jus
811 3308 938 3365 exhibeat
966 3305 1084 3366 nondum
1110 3310 1186 3380 juris
1210 3309 1315 3365 romani

176 3403 280 3474 regulis
301 3403 426 3474 mixtnm3
447 3404 505 3476 quis
526 3405 596 3462 enim
616 3421 669 3462 uon
689 3405 748 3476 ipse
769 3403 923 3474 sibisdicat,
944 3405 1084 3460 maximam
1103 3409 1211 3476 pantena
1226 3403 1315 3460 delata

176 3498 266 3569 potius
281 3498 370 3555 videri
387 3516 402 3554 a
418 3501 545 3556 saxonico
560 3500 696 3574 scriptore
705 3498 829 3571 mestigia
840 3499 910 3569 juris
930 3499 1034 3555 romani
1054 3498 1082 3554 in
1097 3498 1229 3554 bovarico
1244 3498 1316 3555 tibro

177 3592 273 3663 obuia,
300 3594 437 3667 exceptis,
463 3611 531 3666 quae
551 3596 595 3651 vet
613 3594 792 3668 peregrinam
817 3611 889 3650 suam
911 3594 1060 3666 originem,
1085 3600 1114 3650 ut
1139 3592 1239 3666 eapitis
1259 3593 1317 3650 244

177 3687 323 3757 sententia,
349 3689 432 3745 minus
458 3696 553 3762 aperte
574 3691 761 3761 ostenderent,
787 3689 831 3745 uel
857 3690 896 3746 ob
918 3689 1002 3762 ipsbrs
1027 3688 1070 3745 rei
1096 3688 1264 3760 fatuitatem,
1288 3694 1318 3744 nt

178 3786 273 3838 noster·
288 3782 374 3854 loeus,
395 3784 568 3857 epitomatori
588 3785 615 3841 in
635 3784 739 3841 dediciis
759 3790 843 3841 arant.

256 3875 287 3946 1)
308 3877 427 3948 Disiecta
440 3880 508 3936 haec
524 3880 627 3937 additio
644 3881 679 3936 ad
690 3880 780 3935 iocum
797 3896 880 3952 supra
901 3878 1048 3951 allegatum
1062 3879 1177 3936 debetur
1189 3884 1320 3950 treugae,

179 3985 257 4041 quam
276 3969 380 4041 dicuat,
407 3975 468 4030 anui
490 3974 565 4032 1230
584 3966 637 4032 art.
654 3975 709 4033 22:
732 3976 942 4047 „ouamounque
961 3975 1106 4047 episcopus
1126 3975 1320 4031 excommnni-

179 4065 292 4136 cavem't,
311 4072 340 4122 et
360 4084 420 4123 eum
439 4069 598 4142 imperatori
618 4070 663 4126 vet
683 4070 743 4141 regi
763 4086 813 4143 per
829 4070 922 4126 literas
942 4085 1002 4125 suas
1021 4070 1066 4125 ret
1087 4070 1149 4126 viva
1168 4084 1243 4126 voce
1263 4087 1321 4126 ex-

178 4161 401 4218 communicatum
427 4164 646 4235 denunciaverit,
672 4165 746 4220 illum
772 4171 799 4220 et
825 4164 983 4237 imperator.
1002 4170 1029 4220 et
1054 4179 1104 4220 rex
1129 4165 1323 4238 proscribant,

179 4260 212 4309 et
232 4256 271 4310 ab
291 4273 329 4311 ea
349 4260 613 4333 proscriptione
633 4275 712 4330 non,
736 4260 805 4316 nisi
830 4260 926 4332 prius
952 4261 1046 4332 parti
1067 4261 1183 4315 iaesae
1205 4259 1322 4315 satis·

179 4347 324 4424 iecerit,
346 4352 583 4413 absolvetur?
