2714 4898
540 348 781 417 ...208-

132 535 189 605 quis
220 548 272 585 non
301 529 432 597 municeps
462 526 636 580 detrimentum

131 622 189 674 inde
207 636 296 688 passus
315 618 399 681 luerit,
418 615 563 667 indemnem
580 629 638 664 eum

131 707 272 774 municipes
283 711 420 772 praestent.
445 700 562 754 Similiter
574 715 637 768 aga-

132 803 172 846 tur
183 792 288 846 eandem
301 790 334 843 ob
345 804 446 841 causam
459 773 546 840 contra
558 800 639 850 arces,

132 881 202 933 vicos
221 888 265 930 aut
279 891 456 947 quemcunque
473 874 567 936 locum,
586 886 638 940 quo

132 966 257 1033 refugium
274 962 408 1015 habuerint
424 961 566 1030 proscripti.

740 1042 800 1099 Art.
816 1039 880 1097 154.
905 1039 1099 1112 „Commentis
1112 1040 1205 1099 siecle

687 1137 755 1213 cinq
780 1134 836 1211 pub
862 1137 941 1193 dene
962 1135 1072 1210 pabese
1091 1137 1205 1194 Silvestre

687 1231 782 1289 werlic
805 1232 938 1306 peeeede
963 1249 1000 1290 so
1020 1233 1101 1289 dente
1118 1231 1206 1307 peirtli·

690 1326 769 1383 obem
785 1326 832 1383 die
847 1327 961 1401 eecbaip
976 1328 1130 1402 sobilliope.
1149 1326 1207 1384 mele

689 1438 726 1477 aa
740 1422 885 1496 deiopene
898 1422 953 1478 alle
966 1422 1013 1479 die
1026 1423 1089 1478 ieee
1102 1407 1147 1479 elie
1159 1422 1208 1478 Gote

689 1515 766 1571 escit
793 1516 929 1574 bezaeren
957 1517 1048 1574 enideo
1076 1517 1128 1574 mit
1152 1518 1209 1574 deme

690 1608 751 1666 libe.
774 1613 830 1668 doe
848 1629 911 1668 men
925 1628 957 1668 se
974 1613 1013 1668 cta
1028 1613 1110 1669 mede
1126 1611 1210 1683 ‹ieiope

693 1705 744 1760 mit
769 1706 847 1783 dente
870 1706 947 1779 pede
973 1706 1055 1763 Gotte
1079 1707 1212 1781 pelessae

691 1816 728 1856 aa
752 1817 867 1856 reeseoe.
908 1801 998 1857 Abies
1028 1800 1075 1858 sol
1102 1796 1212 1876 peirtliol

690 1893 818 1969 periclito
832 1896 907 1951 ende
921 1895 1018 1952 mertile
1031 1895 1154 1971 abersee
1165 1903 1213 1951 tre

691 2006 754 2062 pen
778 2006 853 2045 stoan
874 1990 954 2057 deme
973 2006 1064 2064 eyneis
1081 1991 1215 2048 enecent

692 2083 747 2139 doz
776 2101 839 2140 men
867 2084 896 2140 in
920 2084 972 2141 mit
997 2086 1079 2142 deme
1109 2086 1215 2142 cumaea

694 2177 802 2251 deeinpe
821 2178 935 2236 recbtee
954 2197 993 2236 sa
1008 2180 1138 2254 plepeee

743 2271 798 2328 Die
814 2272 870 2329 bon
884 2275 1005 2332 scbcdet
1021 2277 1074 2333 der
1087 2275 1146 2332 sele
1158 2271 1218 2330 sede

691 2383 728 2423 ne
749 2375 828 2439 npmt
847 2370 921 2426 doct
943 2371 1084 2428 amende
1105 2365 1219 2440 elee'ltpl

695 2461 744 2532 (cl.
762 2462 805 2533 jus
824 2463 922 2520 munic.
943 2481 1001 2522 sax.
1022 2470 1074 2521 art
1096 2467 1137 2534 5).
1160 2461 1221 2520 noel

692 2573 728 2612 ee
742 2556 859 2614 lecenter
874 2561 1011 2617 cmmode
1026 2577 1065 2616 on
1079 2557 1221 2617 lantrecbte

693 2667 749 2707 noc
778 2669 817 2707 co
847 2653 988 2711 leerecbte
1017 2656 1057 2711 da
1089 2671 1129 2711 ne.
1154 2653 1222 2725 colpe

698 2746 747 2802 des
768 2746 905 2822 babinpere
926 2749 1009 2806 nolte
1028 2766 1077 2806 ea.
1106 2747 1222 2820 Vestiepe

693 2849 789 2915 eympt
811 2843 890 2899 deme
915 2861 1017 2901 macne
1036 2845 1094 2900 elce
1117 2842 1173 2916 lipl
1195 2838 1222 2897 ob

694 2934 746 2991 lter
760 2934 899 3010 lepriffeo
913 2938 978 2994 sciet
991 2939 1031 2994 do
1046 2937 1148 2996 hirenen
1161 2935 1224 2993 nerle

695 3029 773 3086 reiebt
797 3031 843 3087 sie
868 3032 956 3090 reebt.
983 3050 1057 3091 sene
1078 3034 1161 3107 hope
1182 3029 1225 3087 ber

696 3124 737 3179 ela
754 3124 820 3183 iente
838 3121 884 3182 is’'
895 3129 935 3196 ¹).

183 3317 214 3386 1)
234 3317 332 3373 Locum
345 3315 414 3370 buno
428 3312 551 3370 similiter
566 3313 685 3385 exhibet,
698 3317 768 3370 teste
778 3316 923 3388 bamberg,
936 3315 1021 3374 editio
1031 3316 1102 3390 juris
1114 3330 1226 3374 connu-

107 3413 147 3470 nis
160 3411 224 3468 libri
238 3427 257 3466 s.
270 3411 287 3466 l.
302 3417 330 3466 et
343 3427 358 3466 a
372 3410 418 3465 sub
432 3409 488 3481 823
505 3409 553 3465 sed
567 3426 647 3481 quum
662 3409 689 3465 in
707 3409 816 3483 scriptis
833 3412 972 3484 exemplis,
990 3411 1064 3484 quod
1079 3411 1171 3482 sciam,
1183 3425 1227 3467 non

108 3508 269 3577 inveniatur,
285 3505 376 3561 malim
390 3503 503 3579 credere
516 3505 636 3561 baustum
651 3520 712 3561 eum
728 3522 788 3561 esse
805 3506 838 3561 ab
859 3507 968 3579 antiquo
982 3506 1090 3564 editore
1105 3524 1142 3564 ex
1155 3504 1228 3564 sexo'·

108 3602 171 3658 nico
192 3602 342 3675 scriptore,
368 3600 410 3658 oni
431 3599 467 3655 ob
488 3599 583 3655 oculos
603 3605 662 3657 erat
678 3600 722 3671 jus
742 3600 901 3673 municipale
922 3602 1088 3660 saxonicum
1126 3600 1230 3658 nenne

109 3696 137 3752 id
153 3696 282 3752 indicare
308 3694 372 3751 mibi
397 3695 504 3751 videtur
531 3696 691 3751 vocabulum
712 3691 970 3768 ‚‚Vervestenung’'‚
995 3702 1040 3753 ant
1059 3690 1231 3769 „VestingeZ

110 3791 181 3863 quod
206 3790 272 3847 alias
297 3790 325 3846 in
350 3790 481 3847 bovarico
505 3789 577 3845 libro
602 3806 655 3847 non
678 3788 813 3860 occurrit3
839 3791 969 3849 saxonico
995 3797 1085 3848 antem
1112 3786 1233 3864 scriptori

110 3885 199 3941 tritum
220 3892 267 3943 est.

188 3977 274 4037 Causa
306 3997 354 4037 cor
384 3979 524 4052 sexaginte
553 3979 700 4037 solidorum
729 3979 854 4037 mulctam
884 3996 963 4052 qnam
999 3982 1143 4055 praecepti
1170 3977 1234 4050 regii

110 4079 309 4147 contemptores
341 4075 514 4132 incurrebant
544 4091 580 4131 ex
609 4073 701 4131 Caroli
731 4075 821 4146 magni
852 4075 1088 4133 constitutionibus
1115 4059 1154 4133 ad
1181 4075 1236 4131 nen

111 4169 276 4226 Constantini
295 4170 467 4243 imperatoris
486 4169 630 4243 privilegia
651 4169 782 4227 Silvestro
802 4170 922 4243 pontiflci
941 4186 1074 4228 concessa
1093 4171 1150 4228 loci
1169 4170 1238 4242 bajus

112 4265 240 4337 scriptor,
260 4264 376 4335 quisquis
395 4265 419 4321 is
438 4265 530 4336 inerit,
549 4269 673 4339 revocat,
692 4280 745 4322 non
765 4264 818 4321 alia
838 4271 888 4338 est,
907 4281 987 4338 quern
999 4266 1076 4338 qnod
1090 4265 1172 4323 latuit
1184 4279 1239 4322 en·

112 4359 239 4419 scholion
263 4359 384 4416 bevarici
409 4359 473 4416 libri
498 4359 641 4433 prooemio
669 4358 799 4421 insertum
822 4359 925 4421 verbis:
950 4360 1050 4435 „bitte
1074 4361 1140 4420 rebt
1161 4365 1241 4421 catate
