<?xml version="1.0" encoding="UTF-8"?>
<!DOCTYPE html PUBLIC "-//W3C//DTD XHTML 1.0 Transitional//EN"
    "http://www.w3.org/TR/xhtml1/DTD/xhtml1-transitional.dtd">
<html xmlns="http://www.w3.org/1999/xhtml" xml:lang="en" lang="en">
 <head>
  <title>
</title>
<meta http-equiv="Content-Type" content="text/html;charset=utf-8" />
  <meta name='ocr-system' content='tesseract 3.04.00' />
  <meta name='ocr-capabilities' content='ocr_page ocr_carea ocr_par ocr_line ocrx_word'/>
</head>
<body>
  <div class='ocr_page' id='page_1' title='image "./desaxonicispecu00danigoog_0112.png"; bbox 0 0 2722 4898; ppageno 0'>
   <div class='ocr_carea' id='block_1_1' title="bbox 554 374 790 442">
    <p class='ocr_par' dir='ltr' id='par_1_1' title="bbox 554 374 790 442">
     <span class='ocr_line' id='line_1_1' title="bbox 554 374 790 442; baseline -0.008 0"><span class='ocrx_word' id='word_1_1' title='bbox 554 374 790 442; x_wconf 76' lang='grc'>-107-</span> 
     </span>
    </p>
   </div>
   <div class='ocr_carea' id='block_1_2' title="bbox 83 549 1243 2081">
    <p class='ocr_par' dir='ltr' id='par_1_2' title="bbox 140 549 1240 1338">
     <span class='ocr_line' id='line_1_2' title="bbox 160 549 1237 631; baseline -0.002 -15"><span class='ocrx_word' id='word_1_2' title='bbox 160 612 162 616; x_wconf 21' lang='lat' dir='ltr'>r</span> <span class='ocrx_word' id='word_1_3' title='bbox 204 551 305 615; x_wconf 87' lang='lat' dir='ltr'>locum</span> <span class='ocrx_word' id='word_1_4' title='bbox 329 550 369 612; x_wconf 90' lang='lat' dir='ltr'>dc</span> <span class='ocrx_word' id='word_1_5' title='bbox 389 550 590 631; x_wconf 68' lang='lat' dir='ltr'>&#39;praediorum</span> <span class='ocrx_word' id='word_1_6' title='bbox 618 549 820 614; x_wconf 79' lang='lat' dir='ltr'>locationibus</span> <span class='ocrx_word' id='word_1_7' title='bbox 850 557 908 612; x_wconf 88' lang='lat' dir='ltr'>tam</span> <span class='ocrx_word' id='word_1_8' title='bbox 935 549 966 612; x_wconf 89' lang='lat' dir='ltr'>in</span> <span class='ocrx_word' id='word_1_9' title='bbox 987 549 1134 614; x_wconf 86' lang='lat' dir='ltr'>bovarico</span> <span class='ocrx_word' id='word_1_10' title='bbox 1158 549 1237 614; x_wconf 90' lang='lat' dir='ltr'>libro</span> 
     </span>
     <span class='ocr_line' id='line_1_3' title="bbox 141 653 1239 735; baseline -0.001 -18"><span class='ocrx_word' id='word_1_11' title='bbox 141 671 207 733; x_wconf 76' lang='lat' dir='ltr'>pam</span> <span class='ocrx_word' id='word_1_12' title='bbox 226 656 253 717; x_wconf 92' lang='lat' dir='ltr'>in</span> <span class='ocrx_word' id='word_1_13' title='bbox 274 654 414 718; x_wconf 76' lang='lat' dir='ltr'><strong>saxonici</strong></span> <span class='ocrx_word' id='word_1_14' title='bbox 436 654 504 716; x_wconf 81' lang='lat' dir='ltr'>libri</span> <span class='ocrx_word' id='word_1_15' title='bbox 529 655 695 735; x_wconf 78' lang='lat' dir='ltr'>appendice</span> <span class='ocrx_word' id='word_1_16' title='bbox 719 653 913 734; x_wconf 81' lang='lat' dir='ltr'>quaestiones</span> <span class='ocrx_word' id='word_1_17' title='bbox 939 653 1096 734; x_wconf 88' lang='lat' dir='ltr'>excipiunt</span> <span class='ocrx_word' id='word_1_18' title='bbox 1119 654 1157 716; x_wconf 91' lang='lat' dir='ltr'>de</span> <span class='ocrx_word' id='word_1_19' title='bbox 1180 653 1239 716; x_wconf 89' lang='lat' dir='ltr'>lide</span> 
     </span>
     <span class='ocr_line' id='line_1_4' title="bbox 141 757 1239 840; baseline 0 -20"><span class='ocrx_word' id='word_1_20' title='bbox 141 758 259 821; x_wconf 88' lang='lat' dir='ltr'>servanda</span> <span class='ocrx_word' id='word_1_21' title='bbox 287 757 429 837; x_wconf 90' lang='lat' dir='ltr'>subditis,</span> <span class='ocrx_word' id='word_1_22' title='bbox 458 758 634 837; x_wconf 83' lang='lat' dir='ltr'>clientibus,</span> <span class='ocrx_word' id='word_1_23' title='bbox 669 758 864 840; x_wconf 85' lang='lat' dir='ltr'>propinquis,</span> <span class='ocrx_word' id='word_1_24' title='bbox 892 757 1075 838; x_wconf 77' lang='lat' dir='ltr'>hospitibuS,</span> <span class='ocrx_word' id='word_1_25' title='bbox 1104 758 1239 838; x_wconf 92' lang='lat' dir='ltr'>patronis</span> 
     </span>
     <span class='ocr_line' id='line_1_5' title="bbox 140 861 1240 943; baseline 0.002 -22"><span class='ocrx_word' id='word_1_26' title='bbox 140 861 369 942; x_wconf 89' lang='lat' dir='ltr'>principibusque,</span> <span class='ocrx_word' id='word_1_27' title='bbox 398 878 456 924; x_wconf 90' lang='lat' dir='ltr'>nec</span> <span class='ocrx_word' id='word_1_28' title='bbox 485 861 642 941; x_wconf 91' lang='lat' dir='ltr'>utriusque</span> <span class='ocrx_word' id='word_1_29' title='bbox 670 861 740 924; x_wconf 92' lang='lat' dir='ltr'>libri</span> <span class='ocrx_word' id='word_1_30' title='bbox 766 861 961 943; x_wconf 86' lang='lat' dir='ltr'>compagines</span> <span class='ocrx_word' id='word_1_31' title='bbox 984 877 1123 923; x_wconf 90' lang='lat' dir='ltr'>seorsum</span> <span class='ocrx_word' id='word_1_32' title='bbox 1147 878 1240 923; x_wconf 91' lang='lat' dir='ltr'>scru-</span> 
     </span>
     <span class='ocr_line' id='line_1_6' title="bbox 140 963 1240 1045; baseline 0.004 -22"><span class='ocrx_word' id='word_1_33' title='bbox 140 964 241 1026; x_wconf 88' lang='lat' dir='ltr'>tantibus</span> <span class='ocrx_word' id='word_1_34' title='bbox 261 964 321 1026; x_wconf 89' lang='lat' dir='ltr'>ulla</span> <span class='ocrx_word' id='word_1_35' title='bbox 345 964 465 1028; x_wconf 91' lang='lat' dir='ltr'>omnino</span> <span class='ocrx_word' id='word_1_36' title='bbox 489 972 613 1045; x_wconf 89' lang='lat' dir='ltr'>apparet</span> <span class='ocrx_word' id='word_1_37' title='bbox 635 965 722 1042; x_wconf 89' lang='lat' dir='ltr'>ratio,</span> <span class='ocrx_word' id='word_1_38' title='bbox 746 983 803 1045; x_wconf 88' lang='lat' dir='ltr'>qua</span> <span class='ocrx_word' id='word_1_39' title='bbox 826 965 903 1028; x_wconf 88' lang='lat' dir='ltr'>locis</span> <span class='ocrx_word' id='word_1_40' title='bbox 920 963 969 1028; x_wconf 89' lang='lat' dir='ltr'>vel</span> <span class='ocrx_word' id='word_1_41' title='bbox 990 964 1240 1027; x_wconf 87' lang='lat' dir='ltr'>antecedentibus</span> 
     </span>
     <span class='ocr_line' id='line_1_7' title="bbox 140 1065 1240 1151; baseline 0.004 -25"><span class='ocrx_word' id='word_1_42' title='bbox 140 1065 175 1127; x_wconf 82' lang='lat' dir='ltr'>rel</span> <span class='ocrx_word' id='word_1_43' title='bbox 186 1066 427 1147; x_wconf 87' lang='lat' dir='ltr'>subsequentibus</span> <span class='ocrx_word' id='word_1_44' title='bbox 441 1073 534 1130; x_wconf 91' lang='lat' dir='ltr'>totum</span> <span class='ocrx_word' id='word_1_45' title='bbox 549 1067 646 1130; x_wconf 92' lang='lat' dir='ltr'>hocce</span> <span class='ocrx_word' id='word_1_46' title='bbox 663 1074 872 1151; x_wconf 83' lang='lat' dir='ltr'>argumentum</span> <span class='ocrx_word' id='word_1_47' title='bbox 892 1074 1101 1131; x_wconf 91' lang='lat' dir='ltr'>connectatur.</span> <span class='ocrx_word' id='word_1_48' title='bbox 1136 1066 1240 1130; x_wconf 86' lang='lat' dir='ltr'>Omnis</span> 
     </span>
     <span class='ocr_line' id='line_1_8' title="bbox 141 1168 1240 1252; baseline 0.003 -24"><span class='ocrx_word' id='word_1_49' title='bbox 141 1174 213 1231; x_wconf 87' lang='lat' dir='ltr'>autem</span> <span class='ocrx_word' id='word_1_50' title='bbox 227 1176 400 1234; x_wconf 87' lang='lat' dir='ltr'>remoretur</span> <span class='ocrx_word' id='word_1_51' title='bbox 415 1188 452 1232; x_wconf 90' lang='lat' dir='ltr'>ea</span> <span class='ocrx_word' id='word_1_52' title='bbox 469 1169 636 1249; x_wconf 87' lang='lat' dir='ltr'>difficultas,</span> <span class='ocrx_word' id='word_1_53' title='bbox 660 1172 685 1233; x_wconf 94' lang='lat' dir='ltr'>si</span> <span class='ocrx_word' id='word_1_54' title='bbox 699 1172 778 1252; x_wconf 91' lang='lat' dir='ltr'>juris</span> <span class='ocrx_word' id='word_1_55' title='bbox 797 1170 964 1234; x_wconf 91' lang='lat' dir='ltr'>communis</span> <span class='ocrx_word' id='word_1_56' title='bbox 978 1170 1097 1249; x_wconf 89' lang='lat' dir='ltr'>librum,</span> <span class='ocrx_word' id='word_1_57' title='bbox 1120 1177 1152 1233; x_wconf 88' lang='lat' dir='ltr'>ut</span> <span class='ocrx_word' id='word_1_58' title='bbox 1169 1168 1240 1250; x_wconf 86' lang='lat' dir='ltr'>feci,</span> 
     </span>
     <span class='ocr_line' id='line_1_9' title="bbox 143 1264 624 1338; baseline 0.012 -7"><span class='ocrx_word' id='word_1_59' title='bbox 143 1270 168 1332; x_wconf 86' lang='lat' dir='ltr'>ad</span> <span class='ocrx_word' id='word_1_60' title='bbox 184 1271 285 1336; x_wconf 87' lang='lat' dir='ltr'>fontem</span> <span class='ocrx_word' id='word_1_61' title='bbox 308 1264 394 1336; x_wconf 80' lang='lat' dir='ltr'>suurn</span> <span class='ocrx_word' id='word_1_62' title='bbox 417 1273 624 1338; x_wconf 79' lang='lat' dir='ltr'>revocaveris.</span> 
     </span>
    </p>

    <p class='ocr_par' dir='ltr' id='par_1_3' title="bbox 83 1375 1243 2081">
     <span class='ocr_line' id='line_1_10' title="bbox 201 1375 1241 1441; baseline -0.001 -3"><span class='ocrx_word' id='word_1_63' title='bbox 201 1376 351 1440; x_wconf 88' lang='lat' dir='ltr'>Neminem</span> <span class='ocrx_word' id='word_1_64' title='bbox 371 1377 449 1439; x_wconf 92' lang='lat' dir='ltr'>enim</span> <span class='ocrx_word' id='word_1_65' title='bbox 467 1376 541 1439; x_wconf 90' lang='lat' dir='ltr'>latet</span> <span class='ocrx_word' id='word_1_66' title='bbox 557 1377 588 1438; x_wconf 94' lang='lat' dir='ltr'>in</span> <span class='ocrx_word' id='word_1_67' title='bbox 607 1376 803 1441; x_wconf 89' lang='lat' dir='ltr'>commodatis</span> <span class='ocrx_word' id='word_1_68' title='bbox 822 1375 915 1439; x_wconf 89' lang='lat' dir='ltr'>rebus</span> <span class='ocrx_word' id='word_1_69' title='bbox 933 1377 1063 1439; x_wconf 90' lang='lat' dir='ltr'>alienam</span> <span class='ocrx_word' id='word_1_70' title='bbox 1081 1394 1137 1440; x_wconf 91' lang='lat' dir='ltr'>nos</span> <span class='ocrx_word' id='word_1_71' title='bbox 1153 1376 1241 1439; x_wconf 87' lang='lat' dir='ltr'>tidem</span> 
     </span>
     <span class='ocr_line' id='line_1_11' title="bbox 141 1479 1242 1563; baseline 0.004 -26"><span class='ocrx_word' id='word_1_72' title='bbox 141 1479 212 1558; x_wconf 90' lang='lat' dir='ltr'>sequi.</span> <span class='ocrx_word' id='word_1_73' title='bbox 244 1479 364 1543; x_wconf 87' lang='lat' dir='ltr'>Minime</span> <span class='ocrx_word' id='word_1_74' title='bbox 386 1479 488 1561; x_wconf 91' lang='lat' dir='ltr'>itaque</span> <span class='ocrx_word' id='word_1_75' title='bbox 510 1480 617 1543; x_wconf 91' lang='lat' dir='ltr'>mirum</span> <span class='ocrx_word' id='word_1_76' title='bbox 641 1488 704 1562; x_wconf 91' lang='lat' dir='ltr'>est,</span> <span class='ocrx_word' id='word_1_77' title='bbox 733 1481 771 1542; x_wconf 94' lang='lat' dir='ltr'>ad</span> <span class='ocrx_word' id='word_1_78' title='bbox 793 1479 1002 1561; x_wconf 90' lang='lat' dir='ltr'>Bajuariorum</span> <span class='ocrx_word' id='word_1_79' title='bbox 1024 1480 1103 1563; x_wconf 83' lang='lat' dir='ltr'>legis</span> <span class='ocrx_word' id='word_1_80' title='bbox 1127 1479 1242 1543; x_wconf 90' lang='lat' dir='ltr'>titulum</span> 
     </span>
     <span class='ocr_line' id='line_1_12' title="bbox 139 1580 1240 1665; baseline 0.003 -23"><span class='ocrx_word' id='word_1_81' title='bbox 139 1580 182 1658; x_wconf 93' lang='lat' dir='ltr'>„de</span> <span class='ocrx_word' id='word_1_82' title='bbox 200 1584 410 1647; x_wconf 89' lang='lat' dir='ltr'>commendatis</span> <span class='ocrx_word' id='word_1_83' title='bbox 437 1591 472 1650; x_wconf 91' lang='lat' dir='ltr'>et</span> <span class='ocrx_word' id='word_1_84' title='bbox 497 1584 712 1648; x_wconf 89' lang='lat' dir='ltr'>commodatis&#39;’</span> <span class='ocrx_word' id='word_1_85' title='bbox 743 1584 926 1649; x_wconf 89' lang='lat' dir='ltr'>disseruisse</span> <span class='ocrx_word' id='word_1_86' title='bbox 954 1585 1151 1665; x_wconf 91' lang='lat' dir='ltr'>interpretum</span> <span class='ocrx_word' id='word_1_87' title='bbox 1180 1583 1240 1645; x_wconf 88' lang='lat' dir='ltr'>ali-</span> 
     </span>
     <span class='ocr_line' id='line_1_13' title="bbox 140 1686 1243 1769; baseline 0.003 -24"><span class='ocrx_word' id='word_1_88' title='bbox 140 1698 205 1761; x_wconf 89' lang='lat' dir='ltr'>quem</span> <span class='ocrx_word' id='word_1_89' title='bbox 230 1688 267 1751; x_wconf 92' lang='lat' dir='ltr'>de</span> <span class='ocrx_word' id='word_1_90' title='bbox 295 1686 493 1750; x_wconf 90' lang='lat' dir='ltr'>custodienda</span> <span class='ocrx_word' id='word_1_91' title='bbox 522 1687 580 1751; x_wconf 89' lang='lat' dir='ltr'>lide</span> <span class='ocrx_word' id='word_1_92' title='bbox 610 1689 690 1750; x_wconf 90' lang='lat' dir='ltr'>inter</span> <span class='ocrx_word' id='word_1_93' title='bbox 716 1704 866 1769; x_wconf 89' lang='lat' dir='ltr'>personas</span> <span class='ocrx_word' id='word_1_94' title='bbox 893 1687 1013 1768; x_wconf 89' lang='lat' dir='ltr'>pietatis</span> <span class='ocrx_word' id='word_1_95' title='bbox 1035 1688 1157 1752; x_wconf 88' lang='lat' dir='ltr'>vinculo</span> <span class='ocrx_word' id='word_1_96' title='bbox 1187 1686 1243 1750; x_wconf 95' lang='lat' dir='ltr'>sibi</span> 
     </span>
     <span class='ocr_line' id='line_1_14' title="bbox 139 1788 1242 1872; baseline 0.002 -23"><span class='ocrx_word' id='word_1_97' title='bbox 139 1788 305 1870; x_wconf 81' lang='lat' dir='ltr'>conjunctas3</span> <span class='ocrx_word' id='word_1_98' title='bbox 332 1791 542 1872; x_wconf 85' lang='lat' dir='ltr'>maximeque,</span> <span class='ocrx_word' id='word_1_99' title='bbox 566 1808 657 1870; x_wconf 91' lang='lat' dir='ltr'>quum</span> <span class='ocrx_word' id='word_1_100' title='bbox 679 1792 994 1870; x_wconf 86' lang='lat' dir='ltr'>„commendasse</span> <span class='ocrx_word' id='word_1_101' title='bbox 1017 1809 1056 1854; x_wconf 90' lang='lat' dir='ltr'>se</span> <span class='ocrx_word' id='word_1_102' title='bbox 1079 1792 1115 1853; x_wconf 94' lang='lat' dir='ltr'>in</span> <span class='ocrx_word' id='word_1_103' title='bbox 1138 1790 1242 1853; x_wconf 90' lang='lat' dir='ltr'>alte-</span> 
     </span>
     <span class='ocr_line' id='line_1_15' title="bbox 83 1882 1242 1977; baseline 0.006 -28"><span class='ocrx_word' id='word_1_104' title='bbox 83 1882 86 1887; x_wconf 71' lang='grc'><em>’</em></span> <span class='ocrx_word' id='word_1_105' title='bbox 138 1890 198 1955; x_wconf 89' lang='lat' dir='ltr'>rius</span> <span class='ocrx_word' id='word_1_106' title='bbox 212 1893 376 1957; x_wconf 91' lang='lat' dir='ltr'>manum&#39;&#39;</span> <span class='ocrx_word' id='word_1_107' title='bbox 395 1895 553 1959; x_wconf 90' lang='lat' dir='ltr'>dicebatur</span> <span class='ocrx_word' id='word_1_108' title='bbox 568 1894 650 1974; x_wconf 90' lang='lat' dir='ltr'>olim,</span> <span class='ocrx_word' id='word_1_109' title='bbox 673 1895 725 1974; x_wconf 92' lang='lat' dir='ltr'>qui</span> <span class='ocrx_word' id='word_1_110' title='bbox 742 1894 837 1957; x_wconf 90' lang='lat' dir='ltr'>cliens</span> <span class='ocrx_word' id='word_1_111' title='bbox 857 1893 954 1958; x_wconf 87' lang='lat' dir='ltr'>factus</span> <span class='ocrx_word' id='word_1_112' title='bbox 967 1895 1097 1977; x_wconf 91' lang='lat' dir='ltr'>juratam</span> <span class='ocrx_word' id='word_1_113' title='bbox 1114 1901 1242 1976; x_wconf 88' lang='lat' dir='ltr'>patrono</span> 
     </span>
     <span class='ocr_line' id='line_1_16' title="bbox 135 1989 1243 2081; baseline 0.001 -23"><span class='ocrx_word' id='word_1_114' title='bbox 135 1989 204 2060; x_wconf 84' lang='lat' dir='ltr'>fidem</span> <span class='ocrx_word' id='word_1_115' title='bbox 221 1999 410 2079; x_wconf 81' lang='lat' dir='ltr'>promiserat.</span> <span class='ocrx_word' id='word_1_116' title='bbox 442 1997 509 2061; x_wconf 86' lang='lat' dir='ltr'>Jam</span> <span class='ocrx_word' id='word_1_117' title='bbox 532 1997 653 2081; x_wconf 83' lang='lat' dir='ltr'>singula</span> <span class='ocrx_word' id='word_1_118' title='bbox 676 2016 744 2062; x_wconf 92' lang='lat' dir='ltr'>eam</span> <span class='ocrx_word' id='word_1_119' title='bbox 765 1997 887 2060; x_wconf 91' lang='lat' dir='ltr'>adrem</span> <span class='ocrx_word' id='word_1_120' title='bbox 906 1999 1087 2079; x_wconf 87' lang='lat' dir='ltr'>pertinentia</span> <span class='ocrx_word' id='word_1_121' title='bbox 1105 1997 1243 2060; x_wconf 86' lang='lat' dir='ltr'>bavarici</span> 
     </span>
    </p>
   </div>
   <div class='ocr_carea' id='block_1_3' title="bbox 136 2130 317 2146">
    <p class='ocr_par' dir='ltr' id='par_1_4' title="bbox 136 2130 317 2146">
     <span class='ocr_line' id='line_1_17' title="bbox 136 2130 317 2146; baseline 0 0"><span class='ocrx_word' id='word_1_122' title='bbox 136 2130 317 2146; x_wconf 47' lang='grc' dir='ltr'>Ν--σ--ι-</span> 
     </span>
    </p>
   </div>
   <div class='ocr_carea' id='block_1_4' title="bbox 109 2200 1246 4363">
    <p class='ocr_par' dir='ltr' id='par_1_5' title="bbox 109 2200 1246 4363">
     <span class='ocr_line' id='line_1_18' title="bbox 133 2200 1243 2277; baseline 0.003 -21"><span class='ocrx_word' id='word_1_123' title='bbox 133 2200 214 2259; x_wconf 92' lang='lat' dir='ltr'>obierit</span> <span class='ocrx_word' id='word_1_124' title='bbox 232 2203 338 2261; x_wconf 81' lang='lat' dir='ltr'>locator</span> <span class='ocrx_word' id='word_1_125' title='bbox 356 2203 549 2262; x_wconf 88' lang='lat' dir='ltr'>restituendum</span> <span class='ocrx_word' id='word_1_126' title='bbox 570 2222 628 2260; x_wconf 90' lang='lat' dir='ltr'>esse</span> <span class='ocrx_word' id='word_1_127' title='bbox 652 2208 710 2277; x_wconf 79' lang='lat' dir='ltr'>eJus</span> <span class='ocrx_word' id='word_1_128' title='bbox 729 2205 889 2277; x_wconf 85' lang='lat' dir='ltr'>heredibus3</span> <span class='ocrx_word' id='word_1_129' title='bbox 915 2206 1062 2262; x_wconf 85' lang='lat' dir='ltr'>locationes</span> <span class='ocrx_word' id='word_1_130' title='bbox 1083 2205 1243 2262; x_wconf 87' lang='lat' dir='ltr'>enimultra</span> 
     </span>
     <span class='ocr_line' id='line_1_19' title="bbox 131 2296 1244 2372; baseline 0.004 -21"><span class='ocrx_word' id='word_1_131' title='bbox 131 2296 189 2352; x_wconf 82' lang='lat' dir='ltr'>vitre</span> <span class='ocrx_word' id='word_1_132' title='bbox 206 2304 311 2372; x_wconf 89' lang='lat' dir='ltr'>tempus</span> <span class='ocrx_word' id='word_1_133' title='bbox 330 2300 416 2356; x_wconf 88' lang='lat' dir='ltr'>lactas</span> <span class='ocrx_word' id='word_1_134' title='bbox 436 2317 490 2356; x_wconf 90' lang='lat' dir='ltr'>non</span> <span class='ocrx_word' id='word_1_135' title='bbox 511 2301 606 2357; x_wconf 89' lang='lat' dir='ltr'>obesse</span> <span class='ocrx_word' id='word_1_136' title='bbox 625 2301 780 2357; x_wconf 87' lang='lat' dir='ltr'>heredibus.</span> <span class='ocrx_word' id='word_1_137' title='bbox 816 2300 846 2356; x_wconf 85' lang='lat' dir='ltr'>Si</span> <span class='ocrx_word' id='word_1_138' title='bbox 867 2301 966 2356; x_wconf 91' lang='lat' dir='ltr'>obierit</span> <span class='ocrx_word' id='word_1_139' title='bbox 983 2300 1094 2357; x_wconf 91' lang='lat' dir='ltr'>colonus</span> <span class='ocrx_word' id='word_1_140' title='bbox 1114 2301 1244 2356; x_wconf 90' lang='lat' dir='ltr'>incultum</span> 
     </span>
     <span class='ocr_line' id='line_1_20' title="bbox 127 2392 1243 2467; baseline 0.005 -23"><span class='ocrx_word' id='word_1_141' title='bbox 127 2392 246 2465; x_wconf 85' lang='lat' dir='ltr'>reliquens</span> <span class='ocrx_word' id='word_1_142' title='bbox 266 2411 361 2466; x_wconf 74' lang='lat' dir='ltr'>agrum</span> <span class='ocrx_word' id='word_1_143' title='bbox 380 2395 496 2452; x_wconf 87' lang='lat' dir='ltr'>heredes</span> <span class='ocrx_word' id='word_1_144' title='bbox 517 2396 574 2467; x_wconf 88' lang='lat' dir='ltr'>ejus</span> <span class='ocrx_word' id='word_1_145' title='bbox 594 2396 765 2452; x_wconf 83' lang='lat' dir='ltr'>restituentes</span> <span class='ocrx_word' id='word_1_146' title='bbox 786 2395 893 2451; x_wconf 86' lang='lat' dir='ltr'>landum</span> <span class='ocrx_word' id='word_1_147' title='bbox 910 2396 943 2451; x_wconf 91' lang='lat' dir='ltr'>de</span> <span class='ocrx_word' id='word_1_148' title='bbox 965 2395 1090 2451; x_wconf 88' lang='lat' dir='ltr'>mercede</span> <span class='ocrx_word' id='word_1_149' title='bbox 1111 2413 1145 2451; x_wconf 84' lang='lat' dir='ltr'>ex</span> <span class='ocrx_word' id='word_1_150' title='bbox 1164 2397 1243 2450; x_wconf 91' lang='lat' dir='ltr'>loca-</span> 
     </span>
     <span class='ocr_line' id='line_1_21' title="bbox 125 2485 1244 2562; baseline 0.003 -21"><span class='ocrx_word' id='word_1_151' title='bbox 125 2485 194 2543; x_wconf 85' lang='lat' dir='ltr'>tionis</span> <span class='ocrx_word' id='word_1_152' title='bbox 212 2489 275 2560; x_wconf 77' lang='lat' dir='ltr'>lege</span> <span class='ocrx_word' id='word_1_153' title='bbox 295 2490 425 2547; x_wconf 83' lang='lat' dir='ltr'>solvenda</span> <span class='ocrx_word' id='word_1_154' title='bbox 450 2492 536 2547; x_wconf 83' lang='lat' dir='ltr'>teneri</span> <span class='ocrx_word' id='word_1_155' title='bbox 563 2491 692 2546; x_wconf 88' lang='lat' dir='ltr'>locatoris</span> <span class='ocrx_word' id='word_1_156' title='bbox 710 2490 864 2546; x_wconf 81' lang='lat' dir='ltr'>heredibus.</span> <span class='ocrx_word' id='word_1_157' title='bbox 904 2491 967 2545; x_wconf 83' lang='lat' dir='ltr'>Loci</span> <span class='ocrx_word' id='word_1_158' title='bbox 987 2490 1064 2562; x_wconf 89' lang='lat' dir='ltr'>hujus</span> <span class='ocrx_word' id='word_1_159' title='bbox 1085 2490 1244 2546; x_wconf 85' lang='lat' dir='ltr'>sententiam</span> 
     </span>
     <span class='ocr_line' id='line_1_22' title="bbox 121 2581 1243 2658; baseline 0.003 -21"><span class='ocrx_word' id='word_1_160' title='bbox 121 2581 201 2639; x_wconf 85' lang='lat' dir='ltr'>lateor</span> <span class='ocrx_word' id='word_1_161' title='bbox 220 2600 253 2640; x_wconf 91' lang='lat' dir='ltr'>eo</span> <span class='ocrx_word' id='word_1_162' title='bbox 274 2586 360 2656; x_wconf 84' lang='lat' dir='ltr'>magis</span> <span class='ocrx_word' id='word_1_163' title='bbox 381 2586 604 2658; x_wconf 88' lang='lat' dir='ltr'>suspectissimam</span> <span class='ocrx_word' id='word_1_164' title='bbox 625 2586 688 2641; x_wconf 92' lang='lat' dir='ltr'>mihi</span> <span class='ocrx_word' id='word_1_165' title='bbox 710 2603 784 2655; x_wconf 90' lang='lat' dir='ltr'>esse,</span> <span class='ocrx_word' id='word_1_166' title='bbox 811 2585 883 2656; x_wconf 92' lang='lat' dir='ltr'>quod</span> <span class='ocrx_word' id='word_1_167' title='bbox 909 2585 943 2639; x_wconf 91' lang='lat' dir='ltr'>ad</span> <span class='ocrx_word' id='word_1_168' title='bbox 969 2585 1089 2640; x_wconf 86' lang='lat' dir='ltr'>bavarici</span> <span class='ocrx_word' id='word_1_169' title='bbox 1108 2585 1172 2640; x_wconf 91' lang='lat' dir='ltr'>libri</span> <span class='ocrx_word' id='word_1_170' title='bbox 1193 2601 1243 2640; x_wconf 86' lang='lat' dir='ltr'>ca-</span> 
     </span>
     <span class='ocr_line' id='line_1_23' title="bbox 117 2677 1244 2754; baseline 0.001 -21"><span class='ocrx_word' id='word_1_171' title='bbox 117 2684 163 2751; x_wconf 88' lang='lat' dir='ltr'>put</span> <span class='ocrx_word' id='word_1_172' title='bbox 181 2677 236 2735; x_wconf 79' lang='lat' dir='ltr'>2l9</span> <span class='ocrx_word' id='word_1_173' title='bbox 258 2680 312 2746; x_wconf 88' lang='lat' dir='ltr'>(lit.</span> <span class='ocrx_word' id='word_1_174' title='bbox 326 2680 361 2749; x_wconf 88' lang='lat' dir='ltr'>b)</span> <span class='ocrx_word' id='word_1_175' title='bbox 382 2697 524 2754; x_wconf 87' lang='lat' dir='ltr'>expressus</span> <span class='ocrx_word' id='word_1_176' title='bbox 544 2680 664 2736; x_wconf 85' lang='lat' dir='ltr'>saxonici</span> <span class='ocrx_word' id='word_1_177' title='bbox 683 2680 747 2736; x_wconf 86' lang='lat' dir='ltr'>libri</span> <span class='ocrx_word' id='word_1_178' title='bbox 772 2687 822 2736; x_wconf 90' lang='lat' dir='ltr'>art.</span> <span class='ocrx_word' id='word_1_179' title='bbox 844 2679 880 2734; x_wconf 77' lang='lat'>97</span> <span class='ocrx_word' id='word_1_180' title='bbox 901 2679 1067 2752; x_wconf 85' lang='lat' dir='ltr'>apertissime</span> <span class='ocrx_word' id='word_1_181' title='bbox 1087 2680 1193 2751; x_wconf 75' lang='lat' dir='ltr'>statuit,</span> <span class='ocrx_word' id='word_1_182' title='bbox 1217 2679 1244 2734; x_wconf 89' lang='lat' dir='ltr'>in</span> 
     </span>
     <span class='ocr_line' id='line_1_24' title="bbox 116 2771 1245 2846; baseline 0 -18"><span class='ocrx_word' id='word_1_183' title='bbox 116 2771 230 2830; x_wconf 78' lang='lat' dir='ltr'>defuncti</span> <span class='ocrx_word' id='word_1_184' title='bbox 250 2774 380 2832; x_wconf 92' lang='lat' dir='ltr'>locatoris</span> <span class='ocrx_word' id='word_1_185' title='bbox 399 2776 488 2832; x_wconf 84' lang='lat' dir='ltr'>locum</span> <span class='ocrx_word' id='word_1_186' title='bbox 508 2775 655 2833; x_wconf 86' lang='lat' dir='ltr'>succedere</span> <span class='ocrx_word' id='word_1_187' title='bbox 670 2775 726 2846; x_wconf 87' lang='lat' dir='ltr'>ejos</span> <span class='ocrx_word' id='word_1_188' title='bbox 741 2775 884 2844; x_wconf 70' lang='lat' dir='ltr'>heredem,</span> <span class='ocrx_word' id='word_1_189' title='bbox 904 2774 1008 2830; x_wconf 90' lang='lat' dir='ltr'>verbis:</span> <span class='ocrx_word' id='word_1_190' title='bbox 1030 2773 1154 2844; x_wconf 88' lang='lat' dir='ltr'>„Stirbet</span> <span class='ocrx_word' id='word_1_191' title='bbox 1174 2773 1245 2828; x_wconf 92' lang='lat' dir='ltr'>ouch</span> 
     </span>
     <span class='ocr_line' id='line_1_25' title="bbox 114 2866 1245 2942; baseline -0.001 -19"><span class='ocrx_word' id='word_1_192' title='bbox 114 2867 157 2924; x_wconf 90' lang='lat' dir='ltr'>die</span> <span class='ocrx_word' id='word_1_193' title='bbox 177 2868 259 2925; x_wconf 84' lang='lat' dir='ltr'>herne</span> <span class='ocrx_word' id='word_1_194' title='bbox 280 2870 324 2926; x_wconf 91' lang='lat' dir='ltr'>die</span> <span class='ocrx_word' id='word_1_195' title='bbox 350 2888 409 2926; x_wconf 89' lang='lat' dir='ltr'>man</span> <span class='ocrx_word' id='word_1_196' title='bbox 433 2871 492 2942; x_wconf 77' lang='lat' dir='ltr'>gibt</span> <span class='ocrx_word' id='word_1_197' title='bbox 511 2872 581 2927; x_wconf 93' lang='lat' dir='ltr'>ouch</span> <span class='ocrx_word' id='word_1_198' title='bbox 601 2871 674 2927; x_wconf 88' lang='lat' dir='ltr'>sinen</span> <span class='ocrx_word' id='word_1_199' title='bbox 694 2871 746 2927; x_wconf 88' lang='lat' dir='ltr'>tins</span> <span class='ocrx_word' id='word_1_200' title='bbox 766 2870 835 2926; x_wconf 87' lang='lat' dir='ltr'>dene</span> <span class='ocrx_word' id='word_1_201' title='bbox 854 2870 903 2926; x_wconf 91' lang='lat' dir='ltr'>her</span> <span class='ocrx_word' id='word_1_202' title='bbox 924 2869 1006 2925; x_wconf 90' lang='lat' dir='ltr'>deme</span> <span class='ocrx_word' id='word_1_203' title='bbox 1021 2869 1120 2926; x_wconf 82' lang='lat' dir='ltr'>herren</span> <span class='ocrx_word' id='word_1_204' title='bbox 1140 2866 1245 2940; x_wconf 86' lang='lat' dir='ltr'>gelabit</span> 
     </span>
     <span class='ocr_line' id='line_1_26' title="bbox 112 2962 1244 3038; baseline -0.001 -20"><span class='ocrx_word' id='word_1_205' title='bbox 112 2963 186 3019; x_wconf 89' lang='lat' dir='ltr'>hatte</span> <span class='ocrx_word' id='word_1_206' title='bbox 210 2963 316 3020; x_wconf 87' lang='lat' dir='ltr'>ieneme</span> <span class='ocrx_word' id='word_1_207' title='bbox 341 2981 374 3021; x_wconf 90' lang='lat' dir='ltr'>an</span> <span class='ocrx_word' id='word_1_208' title='bbox 399 2964 451 3022; x_wconf 91' lang='lat' dir='ltr'>den</span> <span class='ocrx_word' id='word_1_209' title='bbox 476 2965 501 3020; x_wconf 85' lang='lat' dir='ltr'>in</span> <span class='ocrx_word' id='word_1_210' title='bbox 522 2972 570 3038; x_wconf 80' lang='lat' dir='ltr'>gut</span> <span class='ocrx_word' id='word_1_211' title='bbox 591 2965 717 3037; x_wconf 81' lang='lat' dir='ltr'>geheret.</span> <span class='ocrx_word' id='word_1_212' title='bbox 743 2965 812 3021; x_wconf 88' lang='lat' dir='ltr'>unde</span> <span class='ocrx_word' id='word_1_213' title='bbox 833 2983 867 3021; x_wconf 91' lang='lat' dir='ltr'>ne</span> <span class='ocrx_word' id='word_1_214' title='bbox 887 2964 1009 3037; x_wconf 86' lang='lat' dir='ltr'>bedarph</span> <span class='ocrx_word' id='word_1_215' title='bbox 1034 2963 1174 3019; x_wconf 84' lang='lat' dir='ltr'>hiemando</span> <span class='ocrx_word' id='word_1_216' title='bbox 1195 2962 1244 3017; x_wconf 92' lang='lat' dir='ltr'>der</span> 
     </span>
     <span class='ocr_line' id='line_1_27' title="bbox 112 3057 1244 3134; baseline 0 -21"><span class='ocrx_word' id='word_1_217' title='bbox 112 3074 163 3114; x_wconf 89' lang='lat' dir='ltr'>ene</span> <span class='ocrx_word' id='word_1_218' title='bbox 183 3073 295 3129; x_wconf 73' lang='lat' dir='ltr'>gemere</span> <span class='ocrx_word' id='word_1_219' title='bbox 315 3076 376 3115; x_wconf 89' lang='lat' dir='ltr'>vven</span> <span class='ocrx_word' id='word_1_220' title='bbox 401 3060 477 3115; x_wconf 88' lang='lat' dir='ltr'>sinen</span> <span class='ocrx_word' id='word_1_221' title='bbox 499 3057 607 3133; x_wconf 74' lang='lat' dir='ltr'>pluch.”</span> <span class='ocrx_word' id='word_1_222' title='bbox 647 3060 835 3116; x_wconf 75' lang='lat' dir='ltr'>Adnotationis</span> <span class='ocrx_word' id='word_1_223' title='bbox 860 3066 1010 3134; x_wconf 85' lang='lat' dir='ltr'>perpetuae</span> <span class='ocrx_word' id='word_1_224' title='bbox 1036 3064 1131 3115; x_wconf 90' lang='lat' dir='ltr'>auctor</span> <span class='ocrx_word' id='word_1_225' title='bbox 1156 3058 1244 3114; x_wconf 90' lang='lat' dir='ltr'>inter-</span> 
     </span>
     <span class='ocr_line' id='line_1_28' title="bbox 109 3153 1245 3227; baseline 0.001 -20"><span class='ocrx_word' id='word_1_226' title='bbox 109 3154 215 3226; x_wconf 79' lang='lat' dir='ltr'>pretari</span> <span class='ocrx_word' id='word_1_227' title='bbox 241 3153 363 3227; x_wconf 89' lang='lat' dir='ltr'>priorem</span> <span class='ocrx_word' id='word_1_228' title='bbox 387 3155 462 3211; x_wconf 88' lang='lat' dir='ltr'>illum</span> <span class='ocrx_word' id='word_1_229' title='bbox 487 3155 576 3211; x_wconf 89' lang='lat' dir='ltr'>locum</span> <span class='ocrx_word' id='word_1_230' title='bbox 603 3160 714 3211; x_wconf 88' lang='lat' dir='ltr'>conatus</span> <span class='ocrx_word' id='word_1_231' title='bbox 741 3161 781 3212; x_wconf 91' lang='lat' dir='ltr'>est</span> <span class='ocrx_word' id='word_1_232' title='bbox 802 3155 844 3212; x_wconf 93' lang='lat' dir='ltr'>vel</span> <span class='ocrx_word' id='word_1_233' title='bbox 871 3155 1002 3211; x_wconf 87' lang='lat' dir='ltr'>debonis</span> <span class='ocrx_word' id='word_1_234' title='bbox 1026 3153 1125 3210; x_wconf 84' lang='lat' dir='ltr'>uxorio</span> <span class='ocrx_word' id='word_1_235' title='bbox 1145 3159 1245 3210; x_wconf 86' lang='lat' dir='ltr'>tantum</span> 
     </span>
     <span class='ocr_line' id='line_1_29' title="bbox 109 3247 1245 3323; baseline 0.001 -20"><span class='ocrx_word' id='word_1_236' title='bbox 109 3247 219 3304; x_wconf 86' lang='lat' dir='ltr'>nomine</span> <span class='ocrx_word' id='word_1_237' title='bbox 245 3266 261 3305; x_wconf 90' lang='lat' dir='ltr'>a</span> <span class='ocrx_word' id='word_1_238' title='bbox 288 3249 432 3323; x_wconf 86' lang='lat' dir='ltr'>superstite</span> <span class='ocrx_word' id='word_1_239' title='bbox 457 3249 514 3320; x_wconf 81' lang='lat' dir='ltr'>ejus</span> <span class='ocrx_word' id='word_1_240' title='bbox 540 3249 636 3306; x_wconf 85' lang='lat' dir='ltr'>marito</span> <span class='ocrx_word' id='word_1_241' title='bbox 661 3250 805 3323; x_wconf 84' lang='lat' dir='ltr'>possessis,</span> <span class='ocrx_word' id='word_1_242' title='bbox 831 3251 875 3306; x_wconf 91' lang='lat' dir='ltr'>vel</span> <span class='ocrx_word' id='word_1_243' title='bbox 901 3250 935 3305; x_wconf 88' lang='lat' dir='ltr'>de</span> <span class='ocrx_word' id='word_1_244' title='bbox 961 3249 1133 3305; x_wconf 86' lang='lat' dir='ltr'>hereditariis</span> <span class='ocrx_word' id='word_1_245' title='bbox 1157 3249 1245 3319; x_wconf 89' lang='lat' dir='ltr'>bonis,</span> 
     </span>
     <span class='ocr_line' id='line_1_30' title="bbox 111 3342 1244 3423; baseline 0 -26"><span class='ocrx_word' id='word_1_246' title='bbox 111 3358 183 3414; x_wconf 82' lang='lat' dir='ltr'>quae</span> <span class='ocrx_word' id='word_1_247' title='bbox 207 3343 362 3400; x_wconf 84' lang='lat' dir='ltr'>inconsultis</span> <span class='ocrx_word' id='word_1_248' title='bbox 386 3343 531 3401; x_wconf 83' lang='lat' dir='ltr'>heredibus</span> <span class='ocrx_word' id='word_1_249' title='bbox 556 3360 607 3401; x_wconf 90' lang='lat' dir='ltr'>nec</span> <span class='ocrx_word' id='word_1_250' title='bbox 632 3345 751 3423; x_wconf 87' lang='lat' dir='ltr'>alienare</span> <span class='ocrx_word' id='word_1_251' title='bbox 777 3361 828 3400; x_wconf 88' lang='lat' dir='ltr'>nec</span> <span class='ocrx_word' id='word_1_252' title='bbox 848 3344 927 3401; x_wconf 90' lang='lat' dir='ltr'>vilius</span> <span class='ocrx_word' id='word_1_253' title='bbox 951 3344 978 3399; x_wconf 90' lang='lat' dir='ltr'>in</span> <span class='ocrx_word' id='word_1_254' title='bbox 1004 3360 1099 3400; x_wconf 85' lang='lat' dir='ltr'>eorum</span> <span class='ocrx_word' id='word_1_255' title='bbox 1123 3342 1244 3398; x_wconf 87' lang='lat' dir='ltr'>fraudem</span> 
     </span>
     <span class='ocr_line' id='line_1_31' title="bbox 109 3437 1244 3512; baseline 0 -19"><span class='ocrx_word' id='word_1_256' title='bbox 109 3437 206 3494; x_wconf 89' lang='lat' dir='ltr'>locare</span> <span class='ocrx_word' id='word_1_257' title='bbox 220 3438 342 3495; x_wconf 86' lang='lat' dir='ltr'>licereat.</span> <span class='ocrx_word' id='word_1_258' title='bbox 372 3439 499 3495; x_wconf 81' lang='lat' dir='ltr'>Neutrum</span> <span class='ocrx_word' id='word_1_259' title='bbox 512 3456 580 3496; x_wconf 89' lang='lat' dir='ltr'>vero</span> <span class='ocrx_word' id='word_1_260' title='bbox 594 3439 746 3512; x_wconf 86' lang='lat' dir='ltr'>explicandi</span> <span class='ocrx_word' id='word_1_261' title='bbox 759 3439 835 3510; x_wconf 84' lang='lat' dir='ltr'>hujus</span> <span class='ocrx_word' id='word_1_262' title='bbox 848 3439 903 3495; x_wconf 92' lang='lat' dir='ltr'>loci</span> <span class='ocrx_word' id='word_1_263' title='bbox 921 3439 1054 3495; x_wconf 88' lang='lat' dir='ltr'>rationem</span> <span class='ocrx_word' id='word_1_264' title='bbox 1068 3437 1160 3494; x_wconf 86' lang='lat' dir='ltr'>verbis</span> <span class='ocrx_word' id='word_1_265' title='bbox 1174 3453 1244 3494; x_wconf 88' lang='lat' dir='ltr'>con-</span> 
     </span>
     <span class='ocr_line' id='line_1_32' title="bbox 109 3530 1245 3607; baseline 0 -19"><span class='ocrx_word' id='word_1_266' title='bbox 109 3530 208 3589; x_wconf 86' lang='lat' dir='ltr'>venire</span> <span class='ocrx_word' id='word_1_267' title='bbox 227 3534 409 3607; x_wconf 86' lang='lat' dir='ltr'>uuusquisque</span> <span class='ocrx_word' id='word_1_268' title='bbox 422 3534 511 3605; x_wconf 86' lang='lat' dir='ltr'>videt;</span> <span class='ocrx_word' id='word_1_269' title='bbox 532 3534 633 3590; x_wconf 91' lang='lat' dir='ltr'>diserte</span> <span class='ocrx_word' id='word_1_270' title='bbox 649 3534 718 3591; x_wconf 85' lang='lat' dir='ltr'>enirn</span> <span class='ocrx_word' id='word_1_271' title='bbox 733 3535 845 3590; x_wconf 90' lang='lat' dir='ltr'>dicitur:</span> <span class='ocrx_word' id='word_1_272' title='bbox 867 3533 934 3605; x_wconf 89' lang='lat' dir='ltr'>„dut</span> <span class='ocrx_word' id='word_1_273' title='bbox 951 3551 1003 3604; x_wconf 79' lang='lat' dir='ltr'>epu</span> <span class='ocrx_word' id='word_1_274' title='bbox 1024 3550 1083 3588; x_wconf 89' lang='lat' dir='ltr'>maa</span> <span class='ocrx_word' id='word_1_275' title='bbox 1104 3533 1154 3589; x_wconf 90' lang='lat' dir='ltr'>sin</span> <span class='ocrx_word' id='word_1_276' title='bbox 1174 3533 1245 3589; x_wconf 91' lang='lat' dir='ltr'>lant</span> 
     </span>
     <span class='ocr_line' id='line_1_33' title="bbox 109 3627 1245 3702; baseline 0.001 -19"><span class='ocrx_word' id='word_1_277' title='bbox 109 3627 211 3696; x_wconf 77' lang='lat' dir='ltr'>bescyt</span> <span class='ocrx_word' id='word_1_278' title='bbox 225 3644 259 3684; x_wconf 88' lang='grc' dir='ltr'>ιιιι</span> <span class='ocrx_word' id='word_1_279' title='bbox 274 3645 308 3684; x_wconf 82' lang='grc' dir='ltr'>ιιι</span> <span class='ocrx_word' id='word_1_280' title='bbox 324 3628 407 3686; x_wconf 82' lang='lat' dir='ltr'>tainse</span> <span class='ocrx_word' id='word_1_281' title='bbox 421 3628 489 3685; x_wconf 90' lang='lat' dir='ltr'>oder</span> <span class='ocrx_word' id='word_1_282' title='bbox 504 3646 537 3685; x_wconf 85' lang='lat' dir='ltr'>au</span> <span class='ocrx_word' id='word_1_283' title='bbox 551 3630 661 3702; x_wconf 75' lang='lat' dir='ltr'>plege&#39;&#39;,</span> <span class='ocrx_word' id='word_1_284' title='bbox 682 3645 731 3685; x_wconf 87' lang='lat' dir='ltr'>nec</span> <span class='ocrx_word' id='word_1_285' title='bbox 751 3629 806 3685; x_wconf 88' lang='lat' dir='ltr'>ullo</span> <span class='ocrx_word' id='word_1_286' title='bbox 826 3629 908 3685; x_wconf 90' lang='lat' dir='ltr'>modo</span> <span class='ocrx_word' id='word_1_287' title='bbox 928 3629 1057 3685; x_wconf 90' lang='lat' dir='ltr'>indicavit</span> <span class='ocrx_word' id='word_1_288' title='bbox 1071 3628 1188 3701; x_wconf 88' lang='lat' dir='ltr'>scriptor</span> <span class='ocrx_word' id='word_1_289' title='bbox 1204 3628 1245 3685; x_wconf 91' lang='lat' dir='ltr'>da</span> 
     </span>
     <span class='ocr_line' id='line_1_34' title="bbox 110 3721 1244 3797; baseline 0.003 -21"><span class='ocrx_word' id='word_1_290' title='bbox 110 3721 339 3779; x_wconf 86' lang='lat' dir='ltr'>hereditariis</span> <span class='ocrx_word' id='word_1_291' title='bbox 358 3730 483 3780; x_wconf 87' lang='lat' dir='ltr'>tantum</span> <span class='ocrx_word' id='word_1_292' title='bbox 503 3724 617 3795; x_wconf 90' lang='lat' dir='ltr'>bonis,</span> <span class='ocrx_word' id='word_1_293' title='bbox 636 3724 732 3797; x_wconf 86' lang='lat' dir='ltr'>hisque</span> <span class='ocrx_word' id='word_1_294' title='bbox 748 3723 853 3780; x_wconf 83' lang='lat' dir='ltr'>vilius</span> <span class='ocrx_word' id='word_1_295' title='bbox 874 3724 901 3779; x_wconf 87' lang='lat' dir='ltr'>ia</span> <span class='ocrx_word' id='word_1_296' title='bbox 915 3723 1045 3779; x_wconf 88' lang='lat' dir='ltr'>heredum</span> <span class='ocrx_word' id='word_1_297' title='bbox 1061 3723 1182 3779; x_wconf 82' lang='lat' dir='ltr'>fraudem</span> <span class='ocrx_word' id='word_1_298' title='bbox 1197 3723 1244 3778; x_wconf 94' lang='lat' dir='ltr'>lo-</span> 
     </span>
     <span class='ocr_line' id='line_1_35' title="bbox 111 3815 1246 3892; baseline 0.002 -21"><span class='ocrx_word' id='word_1_299' title='bbox 111 3815 182 3872; x_wconf 77' lang='lat' dir='ltr'>cetis</span> <span class='ocrx_word' id='word_1_300' title='bbox 201 3818 333 3890; x_wconf 84' lang='lat' dir='ltr'>speciem,</span> <span class='ocrx_word' id='word_1_301' title='bbox 351 3834 429 3891; x_wconf 82' lang='lat' dir='ltr'>quem</span> <span class='ocrx_word' id='word_1_302' title='bbox 448 3819 601 3892; x_wconf 87' lang='lat' dir='ltr'>proposuit,</span> <span class='ocrx_word' id='word_1_303' title='bbox 621 3819 823 3891; x_wconf 78' lang='lat' dir='ltr'>intelligendam</span> <span class='ocrx_word' id='word_1_304' title='bbox 843 3836 909 3874; x_wconf 90' lang='lat' dir='ltr'>esse.</span> <span class='ocrx_word' id='word_1_305' title='bbox 950 3818 1079 3891; x_wconf 88' lang='lat' dir='ltr'>Suspicor</span> <span class='ocrx_word' id='word_1_306' title='bbox 1100 3825 1197 3889; x_wconf 87' lang='lat' dir='ltr'>autem,</span> <span class='ocrx_word' id='word_1_307' title='bbox 1217 3824 1246 3874; x_wconf 92' lang='lat' dir='ltr'>ut</span> 
     </span>
     <span class='ocr_line' id='line_1_36' title="bbox 110 3911 1245 3986; baseline 0.001 -18"><span class='ocrx_word' id='word_1_308' title='bbox 110 3911 272 3984; x_wconf 78' lang='lat' dir='ltr'>saepissime</span> <span class='ocrx_word' id='word_1_309' title='bbox 285 3913 362 3983; x_wconf 79' lang='lat' dir='ltr'>alias,</span> <span class='ocrx_word' id='word_1_310' title='bbox 381 3914 417 3969; x_wconf 87' lang='lat' dir='ltr'>ita</span> <span class='ocrx_word' id='word_1_311' title='bbox 430 3914 483 3969; x_wconf 93' lang='lat' dir='ltr'>hoc</span> <span class='ocrx_word' id='word_1_312' title='bbox 497 3929 603 3986; x_wconf 89' lang='lat' dir='ltr'>quoque</span> <span class='ocrx_word' id='word_1_313' title='bbox 616 3916 679 3970; x_wconf 92' lang='lat' dir='ltr'>loco</span> <span class='ocrx_word' id='word_1_314' title='bbox 693 3914 803 3970; x_wconf 87' lang='lat' dir='ltr'>subesse</span> <span class='ocrx_word' id='word_1_315' title='bbox 817 3913 936 3969; x_wconf 83' lang='lat' dir='ltr'>saxonici</span> <span class='ocrx_word' id='word_1_316' title='bbox 952 3913 1092 3984; x_wconf 88' lang='lat' dir='ltr'>scriptoris</span> <span class='ocrx_word' id='word_1_317' title='bbox 1107 3913 1245 3985; x_wconf 88' lang='lat' dir='ltr'>ineptiam,</span> 
     </span>
     <span class='ocr_line' id='line_1_37' title="bbox 111 3994 1245 4079; baseline 0.001 -17"><span class='ocrx_word' id='word_1_318' title='bbox 111 4012 204 4062; x_wconf 86' lang='lat' dir='ltr'>ortam</span> <span class='ocrx_word' id='word_1_319' title='bbox 229 4024 264 4063; x_wconf 89' lang='lat' dir='ltr'>ex</span> <span class='ocrx_word' id='word_1_320' title='bbox 289 4009 359 4064; x_wconf 88' lang='lat' dir='ltr'>male</span> <span class='ocrx_word' id='word_1_321' title='bbox 383 4008 526 4065; x_wconf 86' lang='lat' dir='ltr'>intellectis</span> <span class='ocrx_word' id='word_1_322' title='bbox 549 4009 656 4065; x_wconf 92' lang='lat' dir='ltr'>verbis:</span> <span class='ocrx_word' id='word_1_323' title='bbox 687 4009 832 4079; x_wconf 87' lang='lat' dir='ltr'>„besetzet</span> <span class='ocrx_word' id='word_1_324' title='bbox 856 4024 886 4063; x_wconf 91' lang='lat' dir='ltr'>er</span> <span class='ocrx_word' id='word_1_325' title='bbox 907 4007 964 4063; x_wconf 91' lang='lat' dir='ltr'>sine</span> <span class='ocrx_word' id='word_1_326' title='bbox 985 3994 1064 4063; x_wconf 83' lang='lat' dir='ltr'>hibe.</span> <span class='ocrx_word' id='word_1_327' title='bbox 1092 4008 1188 4064; x_wconf 89' lang='lat' dir='ltr'>stirbet</span> <span class='ocrx_word' id='word_1_328' title='bbox 1214 4024 1245 4063; x_wconf 92' lang='lat' dir='ltr'>er</span> 
     </span>
     <span class='ocr_line' id='line_1_38' title="bbox 111 4099 1245 4169; baseline 0.001 -14"><span class='ocrx_word' id='word_1_329' title='bbox 111 4100 226 4156; x_wconf 75' lang='lat' dir='ltr'>darnah.</span> <span class='ocrx_word' id='word_1_330' title='bbox 247 4102 287 4157; x_wconf 86' lang='lat' dir='ltr'>sin</span> <span class='ocrx_word' id='word_1_331' title='bbox 307 4103 374 4159; x_wconf 83' lang='lat' dir='ltr'>erbe</span> <span class='ocrx_word' id='word_1_332' title='bbox 394 4104 458 4159; x_wconf 87' lang='lat' dir='ltr'>hant</span> <span class='ocrx_word' id='word_1_333' title='bbox 477 4121 508 4159; x_wconf 84' lang='lat' dir='ltr'>ea</span> <span class='ocrx_word' id='word_1_334' title='bbox 529 4109 615 4159; x_wconf 85' lang='lat' dir='ltr'>stacte</span> <span class='ocrx_word' id='word_1_335' title='bbox 635 4104 675 4160; x_wconf 95' lang='lat' dir='ltr'>ob</span> <span class='ocrx_word' id='word_1_336' title='bbox 696 4103 724 4158; x_wconf 94' lang='lat' dir='ltr'>si</span> <span class='ocrx_word' id='word_1_337' title='bbox 743 4099 913 4158; x_wconf 82' lang='lat' dir='ltr'>wellent.&#39;&#39;</span> <span class='ocrx_word' id='word_1_338' title='bbox 947 4102 1021 4169; x_wconf 82' lang='lat' dir='ltr'>Quae</span> <span class='ocrx_word' id='word_1_339' title='bbox 1041 4108 1118 4158; x_wconf 88' lang='lat' dir='ltr'>recte</span> <span class='ocrx_word' id='word_1_340' title='bbox 1139 4101 1245 4157; x_wconf 88' lang='lat' dir='ltr'>scilicet</span> 
     </span>
     <span class='ocr_line' id='line_1_39' title="bbox 112 4184 1244 4270; baseline 0.002 -21"><span class='ocrx_word' id='word_1_341' title='bbox 112 4193 150 4250; x_wconf 94' lang='lat' dir='ltr'>de</span> <span class='ocrx_word' id='word_1_342' title='bbox 172 4194 246 4251; x_wconf 81' lang='lat' dir='ltr'>avito</span> <span class='ocrx_word' id='word_1_343' title='bbox 264 4197 378 4269; x_wconf 78' lang='lat' dir='ltr'>praedio</span> <span class='ocrx_word' id='word_1_344' title='bbox 400 4199 494 4270; x_wconf 85' lang='lat' dir='ltr'>(„sin</span> <span class='ocrx_word' id='word_1_345' title='bbox 509 4184 658 4268; x_wconf 80' lang='lat' dir='ltr'>·hr⁰rbe”),</span> <span class='ocrx_word' id='word_1_346' title='bbox 684 4197 810 4270; x_wconf 85' lang='lat' dir='ltr'>precario</span> <span class='ocrx_word' id='word_1_347' title='bbox 835 4202 934 4252; x_wconf 87' lang='lat' dir='ltr'>tantum</span> <span class='ocrx_word' id='word_1_348' title='bbox 956 4197 1020 4267; x_wconf 86' lang='lat' dir='ltr'>juro</span> <span class='ocrx_word' id='word_1_349' title='bbox 1040 4197 1167 4268; x_wconf 89' lang='lat' dir='ltr'>concedi,</span> <span class='ocrx_word' id='word_1_350' title='bbox 1191 4211 1244 4252; x_wconf 91' lang='lat' dir='ltr'>non</span> 
     </span>
     <span class='ocr_line' id='line_1_40' title="bbox 112 4275 1246 4363; baseline 0.002 -19"><span class='ocrx_word' id='word_1_351' title='bbox 112 4286 147 4344; x_wconf 88' lang='lat' dir='ltr'>ad</span> <span class='ocrx_word' id='word_1_352' title='bbox 177 4304 258 4346; x_wconf 86' lang='lat' dir='ltr'>annos</span> <span class='ocrx_word' id='word_1_353' title='bbox 283 4298 373 4349; x_wconf 89' lang='lat' dir='ltr'>certos</span> <span class='ocrx_word' id='word_1_354' title='bbox 397 4293 484 4349; x_wconf 87' lang='lat' dir='ltr'>locari</span> <span class='ocrx_word' id='word_1_355' title='bbox 508 4293 588 4350; x_wconf 91' lang='lat' dir='ltr'>solito</span> <span class='ocrx_word' id='word_1_356' title='bbox 613 4292 756 4349; x_wconf 88' lang='lat' dir='ltr'>bavaricus</span> <span class='ocrx_word' id='word_1_357' title='bbox 780 4292 850 4348; x_wconf 92' lang='lat' dir='ltr'>liber</span> <span class='ocrx_word' id='word_1_358' title='bbox 870 4296 1024 4363; x_wconf 86' lang='lat' dir='ltr'>monuerat,</span> <span class='ocrx_word' id='word_1_359' title='bbox 1050 4309 1082 4348; x_wconf 91' lang='lat' dir='ltr'>ca</span> <span class='ocrx_word' id='word_1_360' title='bbox 1107 4275 1246 4348; x_wconf 62' lang='lat' dir='ltr'>ad&#39;veras</span> 
     </span>
    </p>
   </div>
   <div class='ocr_carea' id='block_1_5' title="bbox 110 4384 1243 4466">
    <p class='ocr_par' dir='ltr' id='par_1_6' title="bbox 110 4384 1243 4466">
     <span class='ocr_line' id='line_1_41' title="bbox 110 4384 1243 4466; baseline 0.003 -22"><span class='ocrx_word' id='word_1_361' title='bbox 110 4384 234 4456; x_wconf 78' lang='lat' dir='ltr'>eujumia</span> <span class='ocrx_word' id='word_1_362' title='bbox 247 4388 357 4460; x_wconf 72' lang='lat' dir='ltr'>qenais</span> <span class='ocrx_word' id='word_1_363' title='bbox 376 4403 505 4462; x_wconf 66' lang='lat' dir='ltr'>agrorum</span> <span class='ocrx_word' id='word_1_364' title='bbox 519 4388 669 4448; x_wconf 77' lang='lat' dir='ltr'>locationes</span> <span class='ocrx_word' id='word_1_365' title='bbox 681 4403 826 4466; x_wconf 79' lang='lat' dir='ltr'>perperam</span> <span class='ocrx_word' id='word_1_366' title='bbox 845 4386 985 4448; x_wconf 72' lang='lat' dir='ltr'>succisus</span> <span class='ocrx_word' id='word_1_367' title='bbox 999 4386 1084 4450; x_wconf 82' lang='lat' dir='ltr'>traxit</span> <span class='ocrx_word' id='word_1_368' title='bbox 1101 4386 1243 4461; x_wconf 83' lang='lat' dir='ltr'>interpres.</span> 
     </span>
    </p>
   </div>
   <div class='ocr_carea' id='block_1_6' title="bbox 0 0 1374 4898">
    <p class='ocr_par' dir='ltr' id='par_1_7' title="bbox 0 0 1374 4898">
     <span class='ocr_line' id='line_1_42' title="bbox 0 0 1374 4898; baseline 0 0"><span class='ocrx_word' id='word_1_369' title='bbox 0 0 1374 4898; x_wconf 95' lang='lat' dir='ltr'> </span> 
     </span>
    </p>
   </div>
  </div>
 </body>
</html>
