2714 4898
570 336 806 413 ..190-

205 515 334 580 Quaenam
352 531 479 585 personuc
499 517 531 570 ud
548 520 666 573 testimo-

160 604 201 654 nio
213 603 321 655 dicenda
334 603 504 656 admittendae
517 606 573 671 sint,
586 622 665 674 supe-

160 690 227 741 riore
240 688 292 755 jum
308 689 366 742 loco
385 693 528 758 expositum
545 708 612 745 esse.

184 786 213 842 si
229 802 278 860 per
294 786 414 843 homines
432 788 536 845 vicinos
555 789 597 846 rei
613 801 665 846 'se-
768 791 834 862 „En
863 792 902 847 ist
931 792 958 847 is
983 793 1039 848 den
1067 800 1277 849 ommesots.

126 881 190 937 ritus
211 881 270 938 erui
289 888 418 953 nequest,
444 882 471 939 in
496 899 591 955 equom
611 884 665 941 im·
717 886 794 943 cicbt
812 885 949 943 witcels'clc
964 902 1021 942 wer
1036 885 1064 942 iu
1084 886 1115 942 in
1131 904 1355 960 peruersi-*q

125 975 259 1033 mersione
273 975 396 1033 divinum
417 977 573 1051 exploretur
587 980 665 1051 judi·
718 978 798 1037 bote.
820 997 853 1037 so
869 987 929 1037 mut
943 996 1006 1037 men
1020 979 1048 1036 tc
1061 980 1118 1037 scol
1131 979 1321 1039 hese-bei*
1341 1026 1352 1036 .

126 1070 205 1142 cium,
224 1070 410 1144 uictoremque
428 1073 455 1128 in
469 1074 664 1149 possessionem
718 1076 773 1132 den
806 1075 856 1131 mit
892 1090 1004 1149 eynerne
1039 1076 1349 1142 ωιιικνονᾰεὶε-Ξ,

121 1165 205 1237 judex
219 1167 314 1224 mittut.
333 1167 362 1222 io
373 1168 570 1240 possessionem
585 1169 665 1225 misso
719 1172 802 1240 [oder
818 1170 866 1227 die
880 1170 991 1244 clepere
1005 1171 1081 1227 unde
1095 1169 1193 1243 oppius
1209 1172 1347 1236 den-n

125 1261 171 1334 qui
188 1260 242 1316 vim
262 1261 353 1331 insist,
374 1278 478 1319 murrum
493 1263 600 1337 perdat,
621 1270 665 1320 sut
718 1267 765 1323 die
787 1267 869 1340 stupe
887 1265 954 1339 psit.
981 1265 1071 1322 tollen
1090 1267 1171 1322 dano
1191 1283 1259 1323 soce
1275 1290 1345 1325 ε.

125 1355 280 1428 pecuniuriu
299 1356 393 1413 decern
414 1359 520 1430 urgenti
536 1360 665 1416 librorum
718 1378 770 1418 ren
789 1362 844 1417 dus
870 1360 913 1417 cie
933 1360 1014 1417 reclus
1031 1360 1120 1417 misen
1139 1360 1246 1418 anco
1280 1369 1342 1424 -t

125 1465 213 1523 poene
233 1448 355 1508 redimat.
717 1456 744 1512 is
760 1455 805 1512 ire
820 1455 853 1512 si.
875 1455 914 1511 rto
933 1455 980 1512 sol
991 1456 1038 1512 dic
1058 1453 1187 1512 richere
1202 1456 1342 1520 sir-0

716 1548 808 1609 occec
827 1567 864 1606 nu
883 1548 980 1623 peiren.
1002 1566 1111 1606 secuse
1127 1549 1212 1608 beidc
1228 1568 1340 1613 uzu

717 1662 833 1701 suerso.
860 1645 916 1701 daz
940 1645 988 1701 sol
1009 1661 1072 1701 men
1097 1644 1145 1702 ine
1169 1644 1337 1720 qtcffie

718 1735 832 1809 cuunr’
846 1741 882 1808 Ι).

126 1831 185 1839 ...-
189 1831 329 1840 ..n—.—

202 1889 232 1958 1)
258 1892 457 1966 inquisitionum
484 1910 534 1967 per
560 1893 680 1950 homines
701 1893 815 1950 viciniae
842 1893 895 1950 ude
915 1893 1055 1966 digniores
1079 1895 1328 1969 praecipui-,n

125 2007 160 2045 ex
181 1989 356 2061 carolingiois
377 1989 613 2047 constitutionibus
633 2006 709 2045 usum
728 1989 756 2044 iu
771 1989 862 2045 finium
877 1990 1073 2047 controuersiis
1092 1990 1180 2047 inisse
1200 1990 1325 2064 plm-

125 2084 182 2141 nius
205 2084 261 2141 ulio
283 2085 338 2155 jem
361 2086 423 2141 loco
448 2083 609 2157 (Ursprung
630 2083 679 2139 der
699 2083 1013 2156 Gespbwornenunstult‚
1032 2100 1058 2157 p.
1073 2083 1146 2155 35),
1173 2086 1320 2144 elie-is

125 2196 184 2235 euru
204 2179 237 2236 iu·
251 2195 309 2241 rem
330 2180 499 2252 antiquorum
518 2184 749 2235 monumentorum
768 2177 943 2250 testimoniis,
968 2177 1092 2253 exposui
1134 2179 1314 2239 Consu«-

123 2272 242 2330 tudinem
267 2275 351 2344 bunc,
383 2273 454 2346 opud
479 2273 672 2343 Frsncogulios
697 2272 823 2329 letissime
848 2279 1042 2345 propagatum,
1067 2279 1096 2329 et
1121 2273 1189 2330 indo
1215 2292 1309 2348 per

123 2367 290 2423 Normaunos
312 2369 338 2423 in
358 2368 472 2439 Angiiue
492 2383 605 2439 reguum
626 2362 797 2441 beusteten,
816 2383 866 2440 per
888 2366 1055 2424 Germaniam
1076 2383 1189 2441 quoque
1209 2370 1301 2426 ols-

123 2462 233 2519 tinuisse
254 2468 281 2518 et
300 2462 401 2518 soeculi
422 2461 519 2517 decimi
538 2462 614 2517 tertii
638 2463 686 2517 sub
707 2463 785 2518 tinem
806 2461 922 2533 viguisse
942 2456 1166 2534 pretiosissimum
1188 2464 1292 2521 nolui

124 2557 303 2614 testimouium
323 2556 404 2613 offert
424 2556 567 2614 buvurious
587 2556 657 2612 liber
678 2555 775 2628 cupitis
796 2555 873 2627 hujus
894 2555 1043 2629 principio,
1064 2556 1140 2630 qnod
1161 2556 1282 2630 genui·

124 2671 174 2710 nee
194 2652 346 2726 scriptionis
367 2669 426 2708 esse
447 2668 482 2707 ex
505 2652 565 2725 ipso
586 2651 640 2707 loci
668 2656 829 2722 argumento
856 2649 1002 2721 colligitur.
1042 2646 1182 2723 Ejusdem
1196 2666 1273 2709 vero
1351 2666 1353 2671 ⁴

124 2749 219 2822 cepitis
246 2753 394 2804 extremum
423 2753 527 2820 purtem
559 2747 665 2802 minime
697 2745 790 2800 dubito
816 2744 879 2817 quin
905 2746 975 2801 inter
1001 2744 1108 2802 vilioris
1135 2741 1265 2803 nonem

123 2846 215 2918 puteus
240 2843 397 2915 conuicium,
425 2843 582 2913 quibuscum
606 2840 757 2912 permixtae
782 2839 817 2895 ud
843 2854 892 2895 nos
916 2839 1023 2895 deictus
1047 2846 1110 2897 suut
1136 2841 1256 2915 antiquae
1327 2832 1336 2925 Ιἶ

120 2937 348 3012 jurisprudentiae
374 2936 465 3009 depes.
508 2935 663 3006 Antiquitus
690 2935 775 3004 euim,
801 2933 845 2989 ubi
872 2934 950 2990 elice·
967 2933 1128 2991 deficiebam
1155 2937 1249 3010 probt·
1333 2940 1337 2948 '

124 3035 226 3104 tiones,
252 3032 286 3095 de
312 3031 407 3087 tinibus
433 3030 633 3087 controversias
650 3029 812 3101 judiciariae
833 3044 940 3101 pugnus
960 3028 1116 3085 discrimine
1137 3029 1249 3105 exposui
1320 3082 1357 3106 Η

124 3128 217 3184 solitus
244 3143 304 3182 esse
330 3126 378 3193 (cf.
400 3141 468 3196 quue
494 3142 552 3181 enm
579 3124 613 3180 nd
638 3140 697 3179 rem
720 3123 811 3181 monui
830 3139 912 3197 supru
931 3140 959 3196 p.
973 3122 1010 3179 93
1030 3129 1058 3181 st
1078 3124 1192 3195 Sueten
1209 3124 1249 3181 rot
1324 3149 1356 3202 p,

125 3221 285 3279 Gescbiobte
307 3220 354 3276 des
376 3220 458 3276 irum.
481 3218 660 3274 civil-Proc.
683 3219 704 3287 Ι,
723 3216 834 3290 pit),
855 3218 978 3291 antiquus
998 3218 1250 3291 centonariorum
1325 3272 1338 3287 ,

125 3317 250 3388 (XV1‚c.
266 3317 298 3386 2)
321 3331 398 3386 quum
412 3315 620 3371 Alonrannorum
641 3313 696 3380 (tit.
711 3311 859 3381 LXXXIV)
881 3313 958 3384 leges
979 3318 1055 3369 extre
1075 3311 1190 3371 dubium
1206 3330 1250 3387 po-
1343 3359 1349 3370 .

123 3418 195 3470 nunt.
237 3410 349 3466 Curoius
370 3415 458 3464 nutem
479 3425 589 3480 mugnus
610 3408 768 3480 imperut0r‚
792 3406 826 3461 de
847 3406 953 3479 imperii
972 3406 1013 3462 sui
1032 3406 1103 3462 inter
1123 3407 1198 3465 iiiios
1215 3406 1251 3465 ti-
1336 3420 1353 3473 ᾗ

123 3484 227 3564 visione
246 3511 365 3562 stutuous
386 3519 454 3559 unno
470 3502 527 3557 806
548 3503 649 3569 (Peru
669 3501 688 3557 1.
709 3517 735 3572 p.
754 3499 818 3571 142,
835 3517 858 3556 c.
875 3500 935 3572 14),
955 3499 1102 3573 prudenter
1122 3518 1256 3561 mmorun
1351 3543 1352 3550 κ

125 3600 271 3657 discrimini
291 3600 318 3655 io
338 3597 468 3671 ejusmodi
488 3596 704 3652 contentionibus
724 3594 860 3651 substituit
876 3594 994 3651 divinum
1009 3594 1144 3667 judicium
1159 3597 1257 3670 expio·

124 3696 246 3766 rendum,
265 3710 318 3750 non
338 3701 367 3750 ut
387 3692 528 3749 bavaricus
548 3691 618 3748 liber
632 3707 700 3747 nunc
717 3690 799 3746 bubet
819 3706 869 3762 per
889 3689 1087 3746 immersionem
1103 3689 1135 3746 irr
1154 3690 1262 3766 flumen,

125 3791 172 3846 sed
192 3790 323 3863 portibus,
343 3794 373 3844 nt
392 3787 501 3859 dieitur⁷
520 3786 555 3843 ud
576 3801 683 3841 crucem
703 3791 776 3842 sture
792 3784 881 3856 jussis.
919 3783 984 3857 Cup.
999 3784 1102 3841 benno
1121 3784 1199 3842 806:

202 3883 262 3954 „si
292 3900 393 3940 cuusu
420 3883 473 3937 vei
501 3881 649 3936 intenti-o
674 3880 750 3937 siue
776 3879 1023 3936 controversie
1049 3879 1138 3935 tuiis
1167 3880 1265 3940 inter

125 3984 244 4054 pertus
264 3984 408 4051 propter
429 3975 594 4032 terminos
618 3980 674 4032 aut
694 3974 849 4030 confinis
873 3990 1061 4046 regnorum
1080 3980 1164 4031 ortu
1183 3974 1265 4033 iue-

125 4077 186 4146 rit‚
212 4088 296 4145 pune
321 4072 488 4128 boninum
513 4069 714 4126 testimonio
735 4068 914 4126 declarari
938 4069 993 4126 vel
1020 4068 1175 4127 definiri
1194 4087 1269 4131 non

125 4169 250 4243 possit,
275 4173 338 4222 tuno
359 4166 480 4223 volumus
506 4171 535 4220 ut
561 4164 595 4221 ud
616 4164 827 4221 decimationem
851 4164 893 4220 rei
919 4164 1017 4221 dubius
1038 4162 1158 4236 judicio.
1173 4169 1269 4226 munis

125 4265 175 4320 Dei
194 4262 318 4320 uoluntas
339 4268 476 4318 et-rerun
496 4261 595 4316 veritus
622 4260 787 4331 inquiretur,
812 4274 864 4314 neo
888 4274 1002 4331 unqnmu
1027 4273 1080 4332 pro
1104 4260 1158 4317 seu
1184 4277 1270 4322 otu

127 4358 269 4432 cujuslibet
288 4356 397 4431 generis
417 4371 509 4430 pugne
528 4355 572 4414 vel
593 4371 701 4431 campus
720 4354 755 4412 ed
775 4352 998 4413 examinationum
1014 4351 1185 4426 judiontnr.''
