2722 4898
496 354 731 420 -163-

66 523 219 588 cessitatem
244 533 392 590 evocatus
419 536 524 609 parcat
547 531 586 610 ei,

65 628 136 709 eujus
152 629 324 710 jurisdictio
345 639 402 712 est,
426 633 505 696 intra
527 635 587 696 im-

65 734 126 812 perii
145 732 209 813 ejus
232 734 319 798 fines,

106 836 177 909 Quin
185 843 357 901 etevocarc
367 840 463 903 licere
475 861 586 905 nnum-
691 826 854 924 „Wopbcn
871 851 935 906 mut
952 864 1019 907 men
1037 848 1099 910 mot
1113 866 1177 911 on-

64 957 197 1018 quemquc
215 941 340 1020 puberis
362 945 467 1006 aetatis
486 945 585 1008 homi·
638 966 703 1008 ren.
720 965 921 1010 swcnricmen
934 949 1019 1012 deme
1029 951 1177 1030 perncbtc

64 1060 128 1121 nen,
149 1043 200 1122 qui
217 1043 318 1124 gladio
338 1045 379 1107 uti
400 1049 505 1128 possit,
528 1050 585 1111 nisi
637 1051 749 1129 colpei.
762 1049 1176 1118 darnacoliendurcbrccbte

63 1145 176 1227 legitime
199 1156 365 1213 excusatus
388 1148 488 1214 fuerit.
637 1155 748 1233 ccipere
771 1155 830 1218 uile
853 1155 904 1217 die
929 1176 968 1218 zu
993 1157 1063 1219 iren
1085 1158 1174 1220 ieron

638 1276 744 1320 comeo
765 1258 825 1322 cin.
855 1260 921 1321 else
945 1279 1036 1323 oerre
1059 1260 1119 1323 doz
1140 1280 1196 1324 sc-

606 1356 613 1363 ’
637 1370 732 1424 owart
745 1380 843 1425 ceren
857 1382 978 1444 mupon.
993 1363 1024 1426 iz
1038 1384 1077 1427 ne
1091 1384 1176 1428 neme

636 1465 688 1527 inc
705 1466 791 1529 ecbte
808 1476 864 1529 not
877 1469 951 1530 -.’'
1127 1542 1131 1548 ³

108 1558 250 1625 Immunes
277 1580 315 1625 eo
341 1562 491 1644 obsequio
514 1583 584 1628 esso
689 1569 837 1645 „Senator
844 1570 969 1652 pnpben
984 1571 1067 1632 aride
1082 1571 1174 1652 wipb.

64 1662 191 1744 elericos,
228 1665 389 1747 mulieres,
428 1669 583 1749 aedituos,
636 1673 1174 1749 irrrdbcrbenere.vindeberdcn''¹).

63 1784 219 1832 communes
237 1769 373 1835 vicorum
392 1780 531 1853 pastores
554 1780 583 1834 et

61 1867 193 1953 iudaeos,
222 1873 278 1936 sed
306 1874 346 1936 itu
374 1883 407 1939 ut
429 1876 478 1938 vel
508 1877 582 1940 alios

63 1990 107 2036 sno
125 1975 191 2039 loco
214 1977 338 2059 mittant,
362 1980 411 2042 vol
435 1981 582 2060 pecunias

62 2086 206 2156 praestent.

106 2179 334 2249 Ecclesiasticus
350 2187 503 2268 principes
521 2186 620 2283 ψ*

61 2283 141 2350 iitaria
162 2288 310 2369 obsequia
333 2290 462 2370 debere,
493 2290 583 2373 adJ'u·

62 2389 160 2454 modos
175 2410 281 2455 eorum
298 2393 457 2474 dequibus
473 2394 583 2457 dictum

63 2499 99 2553 est
115 2494 262 2559 subsidiis

107 2598 150 2654 dd
179 2599 433 2671 praecedentia
462 2602 581 2658 verba:

63 2690 100 2757 „si
114 2694 172 2750 scin
186 2695 257 2754 eder
272 2697 299 2752 ir
316 2697 391 2768 belse
407 2697 462 2752 der
477 2683 514 2753 uit
535 2683 583 2753 trin

64 2813 91 2827 ·-
107 2791 150 2847 mit
168 2779 265 2866 qtre.”

106 2885 143 2942 dd
153 2884 313 2943 obsidendas
324 2902 401 2943 arces
414 2888 522 2943 euocati
534 2905 582 2960 per
686 2887 750 2957 „Ob
765 2905 796 2944 se
809 2888 903 2961 colpet
916 2906 969 2944 cor
983 2906 1035 2962 eyn
1048 2889 1110 2945 bus.
1129 2889 1175 2945 dri

63 2976 158 3038 triduum
175 2998 305 3039 annonam
319 2981 438 3055 propriis
455 2983 583 3038 sumtibus
636 2991 702 3056 tnpe
727 2983 816 3038 sotlec
838 3001 870 3040 se
890 2985 928 3039 dn
953 2983 1050 3040 blideno.
1077 2983 1174 3040 ioaoelis

64 3072 101 3129 sibi
116 3084 267 3149 procurent.
635 3079 685 3134 mit
705 3078 780 3134 sines
801 3077 892 3134 seldes
912 3074 1057 3150 spise”²).

106 3171 151 3239 bui
156 3172 340 3245 jurisdictioni
351 3178 460 3245 praeest
473 3171 495 3227 si
506 3188 586 3243 quem

63 3264 244 3325 malefactorem
263 3267 406 3340 invenerit,
427 3268 497 3323 intra
514 3267 584 3324 arcis

122 3422 150 3492 1)
177 3423 295 3480 iudaeos
321 3430 348 3481 at
374 3440 444 3496 quae
470 3424 504 3479 de
530 3422 652 3479 subsidiis
677 3423 790 3494 pecunia
816 3427 861 3478 ant
881 3437 931 3493 per
952 3420 1069 3478 vicarios
1089 3437 1173 3494 prae-

60 3517 144 3574 standis
164 3519 326 3590 adiiciuntur
347 3520 437 3575 omisit
457 3520 600 3575 saxonicus
621 3524 725 3573 auctor.

120 3614 152 3683 2)
175 3614 364 3686 Imperfectum
378 3615 433 3672 ioci
449 3615 527 3685 hujus
544 3630 648 3670 sensum
664 3613 781 3669 reddidit
801 3614 943 3669 saxonicus
964 3611 1092 3683 scriptor,
1112 3625 1173 3666 om-

56 3705 163 3781 nittens3
189 3725 259 3782 quac
279 3709 313 3764 dc
334 3709 480 3765 obsidionis
500 3715 562 3780 post
583 3708 700 3764 triduum
720 3708 865 3780 sumptibus
886 3709 919 3762 ab
940 3706 1046 3762 aedium
1067 3705 1175 3761 domino

53 3803 201 3860 sustinendis
221 3804 247 3860 in
270 3803 399 3860 bovarico
420 3804 491 3860 libro
512 3804 702 3875 snbjiciuntur,
723 3809 751 3858 ut
772 3802 840 3858 falso
860 3801 948 3874 possis
969 3801 1083 3856 credere
1104 3799 1174 3855 ultra

52 3897 165 3954 triduum·
186 3899 288 3955 auxilia
308 3900 413 3956 omnino
430 3899 516 3971 judici
542 3897 701 3972 praestanda
727 3914 780 3954 non
804 3897 899 3968 fuisse3
926 3894 1006 3967 idque
1027 3910 1060 3950 eo
1081 3894 1176 3964 magis,

48 3993 114 4065 quod
134 3993 235 4049 inserta
255 3992 307 4049 boo
328 3994 391 4050 ioco
411 3994 532 4050 saxonici
558 3992 698 4065 scriptoris
719 3991 855 4047 additione
876 3989 1046 4061 disquiritur,
1071 4003 1174 4060 quous-

47 4105 95 4161 que
121 4094 252 4145 evocatos
278 4089 355 4160 sequi
380 4089 523 4160 fugitivum
549 4095 690 4161 oporteat,
715 4086 818 4142 verbis:
845 4085 909 4155 „die
930 4084 992 4140 wile
1020 4084 1080 4140 icna
1107 4098 1173 4138 vore

43 4185 100 4256 gcit
121 4183 236 4240 diadar
256 4183 388 4254 geraehte
409 4183 545 4254 gescbriet
564 4184 618 4240 hat.
640 4183 662 4237 is
682 4183 747 4237 aber
764 4180 807 4236 dic
823 4185 941 4251 gewunt.
963 4179 1013 4235 dan
1032 4178 1082 4234 ber
1102 4175 1174 4233 nicht

42 4279 144 4352 tolgan
164 4294 199 4335 nc
218 4279 305 4336 mach.
328 4292 359 4336 so
377 4278 453 4334 solen
474 4278 518 4334 dic
537 4279 593 4334 lute
614 4278 714 4348 volgeu
734 4276 762 4332 bi
782 4274 873 4347 plioht.
897 4273 941 4330 die
962 4273 1026 4330 wile
1047 4288 1076 4328 sc
1096 4271 1174 4328 iencn

38 4393 95 4435 sen
118 4374 165 4433 dic
185 4373 238 4433 den
258 4373 343 4433 rrcdc
363 4373 520 4447 gebrocben
539 4369 612 4430 bat.''

912 4473 969 4530 11*
