2722 4898
538 371 582 385 -
624 338 775 404 225·-

148 505 199 564 Ad
223 507 348 564 verba:
378 506 472 578 „ank
500 509 583 568 boesa
607 511 635 568 si

86 597 180 659 siot’'.·

150 695 243 770 Stupri
264 695 373 753 violenti
400 715 475 754 ream
502 716 556 756 non
580 701 632 758 ha-
732 702 994 774 „Maccrcadsaae
1006 707 1075 766 niis
1087 710 1173 781 cade]
1186 728 1225 769 aa

86 792 161 862 beri,
180 792 224 864 qni
241 792 355 863 amicae,
371 809 483 865 quacum
497 793 549 849 sibi
563 811 632 851 con·
683 799 757 855 siais
771 817 871 873 amasa
886 802 1006 874 [supple:
1021 803 1067 871 os]
1082 803 1166 861 mccli
1178 805 1225 863 die

86 887 205 943 suetudo
225 893 293 957 erat,
313 886 368 943 vim
387 876 514 943 intulerit.
683 909 749 949 maa
768 902 818 951 aot
841 896 899 964 [aa]
922 897 980 952 dna
1002 897 1077 953 ande
1100 897 1146 955 sin
1165 898 1224 969 ttpt

683 987 847 1044 cirwcrlaaa.
863 987 897 1044 ob
911 986 963 1046 lter
975 1008 1007 1048 sc
1021 1007 1059 1047 ca
1072 990 1134 1049 iren
1147 992 1224 1050 dealt

683 1076 852 1155 belepit'’¹).
1130 1058 1133 1071 Ι

149 1168 361 1252 Capnt312.
396 1171 474 1244 Quid
492 1178 631 1236 statuen-

86 1276 160 1339 dum
180 1275 220 1338 sit
237 1275 274 1337 de
293 1273 469 1338 vulneribus
492 1276 522 1338 in
543 1276 631 1339 turba

86 1379 176 1442 datis.

147 1482 216 1544 Daii
238 1480 373 1546 vulneris
403 1499 531 1562 posnam
558 1485 629 1563 pati,
734 1485 815 1569 „Um
833 1505 909 1568 apae
926 1487 1058 1550 annom
1075 1507 1114 1551 nc
1133 1488 1224 1553 mccli

87 1604 179 1667 quem
221 1580 370 1647 inflixisse
411 1584 483 1648 illud
521 1586 629 1649 vulnus
681 1607 749 1651 mars
767 1588 854 1650 aicit
871 1607 942 1652 wan
960 1610 1057 1670 apaten
1075 1611 1148 1654 moa
1164 1590 1222 1654 bc-

86 1687 333 1766 constitsrit,
368 1705 422 1749 eos
451 1707 543 1768 vero,
579 1689 630 1769 qni
682 1691 800 1771 alopen.
826 1691 906 1753 docta
927 1692 1016 1755 macla
1035 1713 1104 1756 mea
1126 1695 1222 1757 rodas

85 1790 196 1854 turbae
220 1789 398 1868 adfuerunt,
426 1789 628 1855 absolvendos
681 1793 763 1855 sande
791 1783 902 1875 tulpia
934 1813 980 1856 me
1015 1795 1085 1859 lade
1113 1796 1221 1860 scial-

85 1913 169 1974 esse,
193 1892 249 1955 nisi
269 1889 299 1955 et
314 1893 371 1973 ipsi
386 1892 491 1976 plagas
510 1894 629 1956 ictnsve
682 1895 812 1977 dspen.''
1116 1883 1121 1891 ’

85 1999 260 2076 dedissent,
285 2002 335 2058 ant
359 1996 555 2059 constrictum
577 2003 629 2059 te-

84 2102 227 2165 nuissent
248 2098 447 2162 vulneratum.
487 2100 628 2179 Denique

85 2205 140 2287 qui
156 2221 224 2266 cnm
239 2202 300 2266 telo
315 2210 422 2282 parato
442 2202 472 2263 in
488 2220 526 2264 ca
542 2202 629 2266 turba

83 2307 227 2386 fuissent,
251 2324 316 2368 eam
335 2306 430 2386 ipsam
449 2305 487 2368 ob
506 2320 630 2369 cansam

84 2410 266 2475 alliciendos
289 2425 360 2472 esse
383 2409 512 2488 mulcta,
542 2410 628 2489 anus

83 2532 148 2578 nna
178 2530 249 2596 pars
274 2510 385 2595 judici,
417 2511 513 2575 altera
542 2511 625 2575 laeso

82 2618 293 2700 compsam).

80 2824 167 2882 dritta
187 2812 310 2881 herenei.
338 2821 389 2878 dan
414 2822 454 2878 sie
479 2820 537 2878 nivt
557 2827 648 2893 maget
667 2821 689 2878 si
710 2816 867 2903 genesen}
895 2823 954 2878 dan
980 2823 1031 2880 sol
1057 2839 1128 2881 man
1154 2840 1219 2897 gs·

80 2920 209 2978 louhen
229 2916 299 2975 vnde
320 2916 359 2973 sol
381 2915 429 2971 aler
449 2916 535 2982 ‚riltter
555 2916 623 2973 naclr
644 2918 693 2972 der
713 2917 872 2988 beredunge
895 2917 1014 2974 rilrtcn.'⁸

146 3011 208 3082 ·1)·
225 3011 291 3081 Quis
321 3027 374 3066 non
404 3010 501 3067 sentiat
531 3002 616 3067 verba
646 3029 703 3083 „aa
733 3011 897 3069 aarendemc
922 3009 1021 3069 wibe''
1047 3030 1062 3070 a
1090 3013 1220 3072 saxoniae

80 3110 219 3184 scriptore
245 3106 350 3179 adjecta
376 3111 477 3161 tantam
504 3123 579 3177 esse,
603 3113 632 3162 nt
657 3124 692 3163 ex
715 3123 760 3163 sua
781 3114 869 3164 mente
890 3109 1044 3180 corrigeret
1063 3109 1220 3167 bavaricam

80 3188 256 3279 scrip‘torenr,
277 3203 322 3273 qui
339 3198 487 3257 rectissime
502 3200 713 3274 significaverat,
735 3202 761 3258 in
782 3203 952 3259 meretricem
967 3220 1084 3277 quoqne,
1105 3211 1219 3279 excepta

79 3305 185 3358 tantam
205 3295 372 3353 concubinae
392 3296 454 3352 loco
475 3295 577 3366 habita,
598 3303 716 3370 stuprum
732 3299 878 3354 violentnm
892 3298 1023 3355 committi
1034 3285 1130 3372 posse,
1150 3316 1218 3356 ver-

79 3396 137 3454 bis:
166 3392 237 3465 „swi
257 3392 341 3447 bocse
361 3390 382 3447 si
403 3386 483 3447 sint.''
521 3390 562 3446 Ex
582 3392 712 3449 bavarico
732 3399 820 3448 antem
840 3393 917 3462 loco,
938 3394 982 3448 cni
1001 3393 1142 3466 proposita
1164 3410 1216 3450 ex-

80 3489 176 3563 ceptio
202 3487 345 3557 conseret,
376 3484 518 3542 saxonicas
545 3487 661 3558 scriptor
689 3487 773 3559 ipsam
797 3487 866 3542 hanc
891 3487 1078 3559 exceptionem
1105 3503 1217 3560 eamque

80 3584 273 3658 amplificatam
293 3581 372 3654 operi
392 3595 441 3636 sno
462 3581 595 3651 inserens,
621 3587 720 3637 motam
740 3598 806 3638 vcro
828 3581 1012 3654 quaestionem
1037 3582 1070 3638 dc
1094 3582 1217 3655 percipe

79 3677 249 3751 virginitatis
262 3676 424 3750 probatione
438 3675 595 3747 negligens,
615 3676 680 3732 nihil
699 3694 774 3732 suum
794 3676 858 3733 lecit
873 3683 982 3748 practer
1003 3677 1090 3750 stupri
1104 3662 1217 3734 violcn‘ti

78 3773 255 3843 mentionem,
274 3772 442 3843 inierjcctam
463 3771 508 3826 ubi
528 3786 618 3827 sermo
640 3778 679 3827 est
701 3771 734 3826 de
755 3771 859 3843 injuriis
875 3771 1022 3828 commissis
1043 3771 1069 3827 in
1088 3786 1217 3845 personas

79 3868 190 3927 infamia
210 3858 325 3923 notatas.
365 3867 444 3937 „Aac
464 3866 582 3938 wergelt
601 3866 642 3922 sin
662 3866 775 3922 nneohte
796 3866 858 3921 luta.
886 3865 956 3921 doclr
981 3881 1054 3922 swer
1079 3867 1102 3922 ir
1128 3882 1217 3936 cynon

79 3961 237 4036 gemunden.
258 3961 438 4018 oderronbit.
461 3960 528 4021 oder
543 3961 619 4016 todil.
642 3961 724 4017 oder
743 3961 890 4016 nneclrts
907 3961 998 4034 wiplr
1018 3961 1215 4031 nodsgit-

78 4075 143 4114 man
165 4057 206 4113 sol
227 4055 279 4112 oolr
299 4055 342 4112 ine
362 4052 467 4111 riclitcn
487 4057 556 4111 nach
575 4054 674 4111 vrsdes
694 4055 816 4111 rsclrte.''

161 4151 194 4221 Β)
214 4150 339 4208 Bavariei
359 4149 421 4207 libri
442 4149 570 4222 speciem,
591 4166 626 4205 ex
640 4167 691 4222 qna
712 4165 764 4205 non
784 4149 834 4204 nisi
853 4155 958 4206 tenuem
976 4150 1107 4222 quandam
1126 4165 1215 4221 regn·-

77 4250 136 4305 lam
156 4246 299 4302 saxonicus
313 4245 474 4318 epitomator
489 4245 540 4300 sibi
557 4245 694 4316 formavit,
714 4261 748 4301 cx
767 4259 857 4301 rernm
874 4245 1062 4317 judicatarum¹
1074 4261 1215 4307 commcn-

77 4342 153 4400 tario
167 4340 282 4416 quodam
295 4340 416 4412 llusrisss⁷
436 4346 463 4395 et
476 4339 520 4396 vsl
534 4340 621 4413 ipsum
632 4341 751 4414 jadicem
768 4340 811 4397 vel
828 4338 928 4410 judicis
948 4356 1111 4398 assessorem
1124 4357 1220 4431 oneng

976 4450 1008 4505 1⁵
