2722 4898
123 430 206 531 a*

160 518 197 567 ²..
217 514 330 582 'inepte
366 520 541 581 comparantur
569 512 696 578 illustres,

191 601 317 669 equestris
336 599 414 663 ordo,
437 599 561 668 liberique
581 600 694 651 homines

189 684 287 739 mun
303 685 424 753 dignitate
441 693 559 737 carentes
574 684 694 737 differen-

189 772 254 834 tiae,
287 787 362 840 quam
384 771 426 837 jus
453 786 583 822 romanum
603 773 696 827 'statuit

188 860 253 909 inter
268 859 401 927 ingenuos,
418 857 549 908 libertinos
561 866 694 910 caeteros-

188 961 238 1015 que
255 944 351 995 liberos
369 943 491 994 homines.

213 1043 320 1113 Caput
340 1041 386 1097 tl.
420 1041 481 1111 lpso
497 1038 560 1109 jure
581 1040 694 1109 liberari

153 1155 269 1208 servum,
288 1136 331 1192 cui
348 1140 462 1205 aegroto
477 1134 626 1205 opibusque
641 1135 693 1190 de-

152 1233 244 1287 stituto
270 1230 392 1286 dominus
419 1223 511 1284 c'uram
534 1228 693 1301 domumque

153 1324 327 1382 recusaverit.

212 1432 318 1502 Caput
336 1404 381 1485 ⁷2.
401 1430 586 1485 llanumittere
602 1427 692 1483 miuo-

152 1526 225 1583 ribus
246 1525 351 1580 decimo
372 1525 484 1596 septimo
506 1539 584 1593 anno,
606 1539 692 1594 neque

152 1621 228 1694 ipsis,
248 1636 334 1691 neque
355 1634 448 1675 eorum
468 1619 603 1674 tutoribus
625 1635 692 1690 per·

152 1715 236 1785 mitti,
263 1731 299 1769 ex
317 1717 380 1786 jure
404 1720 493 1769 aulem
519 1713 622 1784 scripto
641 1729 692 1768 nec
782 1746 785 1754 ·

151 1817 235 1866 ratam
253 1809 492 1879 emutilatum,
511 1824 589 1880 quam
605 1807 691 1886 minor

77 1912 80 1917 '
150 1906 245 1976 viginti
279 1904 394 1976 quinque
426 1904 500 1959 annis
536 1883 692 1966 adolescens

113 2051 115 2056 .
151 1999 281 2055 dederit
305 1997 422 2054 Differre
447 2004 536 2053 tamen
561 2014 593 2053 ea
613 1998 639 2052 in
660 2013 691 2052 re

150 2094 272 2150 locorum
311 2093 533 2164 consuetudines,
576 2096 692 2147 aetatem

149 2188 346 2245 manumissoris
374 2188 543 2259 requirentes
567 2186 612 2241 vel
638 2185 690 2240 de-

151 2300 209 2339 cem
229 2289 256 2339 et
277 2288 395 2353 septem,
420 2282 489 2336 sicut
514 2281 614 2336 dictum
641 2286 691 2351 est,

97 2430 100 2435 ,
150 2365 292 2448 annorum,
318 2376 362 2432 vel
388 2376 414 2431 in
439 2375 537 2447 puellis
561 2374 690 2444 sedecim,

150 2473 194 2529 vel
215 2472 295 2527 etiam
316 2470 524 2542 quatuordecim.
558 2469 690 2525 devocari

151 2569 177 2622 in
203 2566 359 2623 servitutem
384 2564 556 2620 manumissos
576 2579 689 2635 quorum
746 2624 749 2629 4

149 2661 235 2717 minor
259 2660 379 2731 legitima
405 2664 492 2714 aetate
516 2657 689 2713 manumissor

148 2756 238 2812 luerit.

224 2849 266 2900 Ad
283 2848 376 2900 verba:
402 2847 467 2910 „wir
484 2845 568 2898 babeo
591 2861 627 2896 uc
644 2846 690 2896 der

181 2935 285 3001 sbrtft’'.·
305 2933 435 2998 Ejusmodi
450 2930 688 2982 manumissionibus

181 3022 265 3089 legem
278 3018 460 3084 ‚‚essenciam”‚
474 3016 603 3083 intellige:
615 3015 688 3081 „Ae-

180 3107 240 3158 liam
257 3104 384 3157 Sentiaru”
398 3103 577 3171 impedimento
596 3117 661 3153 esse.

204 3193 353 3262 Ademptae
368 3191 520 3247 omnimodo
535 3190 685 3260 antelogi-
781 3194 792 3224 ”-

146 3290 226 3345 timos
244 3302 326 3343 annos
347 3285 576 3341 manumissionum
597 3284 686 3339 licen-

146 3385 199 3440 tiae
226 3398 332 3437 causam
362 3396 425 3436 esse·
450 3381 554 3436 consilii
581 3382 686 3452 impru-

146 3477 276 3547 dentiam3
295 3492 346 3531 nec
359 3482 448 3531 tamen
462 3475 577 3530 caeteris
591 3475 687 3545 viginti
749 3516 751 3521 .
783 3512 787 3519 -

146 3574 260 3645 quinque
282 3570 355 3625 annis
377 3569 522 3624 minoribus
542 3570 685 3625 manumit-

145 3672 204 3721 tere
224 3663 380 3720 inconsultis
401 3663 570 3719 curatoribus
589 3659 684 3718 licere'.

203 3765 309 3837 Caput
330 3766 375 3822 73.
414 3766 485 3821 duris
507 3773 632 3822 auctores
653 3767 686 3821 de

144 3861 248 3933 proprii
274 3861 385 3931 perinde
407 3879 438 3917 ac
459 3861 492 3917 de
514 3861 593 3917 alieni
614 3862 686 3917 servi

144 3972 211 4012 nece
232 3956 393 4011 homicidam
412 3957 500 4028 capite
521 3957 609 4028 puniri
628 3973 685 4013 vo-

115 4050 117 4054 ’
145 4050 235 4106 luisse.
646 4030 655 4043 ’

203 4153 308 4223 Caput
329 4151 364 4207 73
385 4152 434 4208 lit.
453 4154 479 4208 b.
514 4154 685 4209 bianumissos

145 4264 160 4303 a
174 4246 234 4302 viro
249 4247 351 4305 dotales
364 4263 458 4304 servos
471 4248 584 4304 necdum
597 4249 684 4304 soluto

144 4341 313 4401 matrimonio
333 4343 360 4400 iu
380 4343 535 4400 servitutem
551 4359 684 4401 revocare
