2722 4898
499 342 734 408 ..m-

506 565 728 643 XXXIX.

131 731 299 809 Hucusque
322 729 448 809 primam
470 727 643 790 bavaricam
666 725 877 789 collectionem
900 723 1077 805 porrexisse
1099 726 1182 789 indi-

44 843 117 898 cant
141 837 173 895 in
196 831 407 914 lassbergiano
430 829 570 908 exemplo
593 829 709 891 librarii
733 827 840 890 verba:
871 821 946 909 „llio
970 822 1013 894 isi
1035 821 1092 894 (loz
1117 823 1183 896 lani

45 935 116 1006 teht
137 923 219 1003 bith
239 946 286 1000 w„
325 934 371 994 Nv
394 950 559 996 vernemen
582 932 639 993 alle
664 931 723 994 die.
753 930 800 992 die
826 930 922 992 iemer
945 931 993 992 diz
1016 918 1095 994 bi‘oh
1121 950 1181 992 an-

48 1040 186 1124 geseben
215 1038 291 1101 oder
320 1037 436 1098 boeren
470 1035 565 1096 lesen.
613 1034 680 1096 Den
713 1033 826 1095 kvinde
857 1033 907 1094 iolr
937 1022 1094 1097 Ginradus
1122 1053 1182 1096 von

49 1141 272 1207 Lvicelenbeim
298 1141 350 1202 ein
379 1137 565 1220 ewangelier
588 1137 644 1198 daz
672 1135 721 1197 ielr
748 1136 795 1199 diu
817 1124 897 1198 baioli
919 1135 1101 1218 gesehriben
1123 1136 1182 1200 ban

52 1249 159 1309 minem
180 1244 293 1305 herren
316 1242 409 1304 herrn
432 1239 603 1324 Gregorien
626 1258 686 1302 von
708 1239 913 1303 Valkenstein.
944 1239 1003 1302 vnd
1026 1247 1101 1302 wart
1124 1260 1183 1303 an-

54 1366 211 1434 gevangen
233 1365 271 1408 ze
294 1346 419 1428 vriburg
441 1344 521 1407 vnde
539 1351 616 1406 wart
635 1342 802 1408 vollebraht
826 1361 862 1405 ze
881 1349 1047 1406 verstetien
1068 1341 1184 1405 videm

55 1454 136 1515 buse.
164 1451 217 1512 mit
240 1450 321 1511 allen
344 1449 403 1511 den
426 1448 538 1530 dingen
564 1446 626 1509 alse
655 1447 700 1508 irz
727 1446 778 1508 irie
800 1464 857 1509 vor
879 1446 951 1508 iuch
973 1446 1090 1510 sebent.
1129 1446 1183 1508 Diu

57 1553 204 1638 geschacb
225 1554 256 1614 in
281 1552 367 1614 deme
390 1553 454 1614 iare
478 1551 516 1613 do
539 1569 607 1612 man
634 1551 713 1612 zalte
735 1568 796 1612 von
821 1556 909 1631 gotes
932 1550 1071 1631 gebvirte
1094 1551 1191 1614 zwell

57 1659 180 1720 bvndert
202 1656 301 1739 ahzeg
323 1655 384 1718 vnd
406 1655 494 1718 siben
515 1655 561 1716 iar
584 1671 622 1715 an
646 1661 731 1716 sante
754 1652 983 1715 Bartholomeus
1007 1653 1128 1717 abent.''

138 1763 267 1838 Locum,
291 1759 377 1839 cujus
407 1764 615 1840 argumentum
642 1757 732 1819 retuli
754 1758 784 1818 in
808 1757 1069 1820 commentationis
1097 1758 1185 1839 buJus

62 1865 198 1942 exordio,
226 1863 377 1944 integrum
399 1861 449 1922 bic
470 1861 647 1923 transscribi
671 1861 791 1937 curavi,
820 1877 880 1938 quo
903 1860 999 1942 magis
1029 1860 1184 1944 intellige-

62 1975 151 2046 retur,
184 1965 352 2047 ouJusmudi
380 1965 501 2027 scribae
530 1965 559 2025 in
589 1963 778 2026 conficiendo
812 1963 871 2025 boe
901 1963 1010 2025 codiee
1037 1965 1184 2027 industria

62 2070 152 2134 buerit.
188 2070 357 2132 Librarium
378 2086 457 2145 eum,
480 2086 542 2130 non
566 2074 721 2130 auctorem
745 2065 839 2130 luisse
863 2073 975 2128 attente
999 2067 1087 2135 lectis
1106 2086 1184 2148 quae

62 2173 239 2254 praecedunt
266 2171 368 2233 verbis
397 2172 547 2233 neminem
576 2171 670 2234 credo
694 2170 809 2232 inficias
837 2170 947 2232 iturum
954 2191 963 2246 ;
993 2170 1048 2233 sed
1071 2190 1185 2252 operae

62 2277 178 2357 pretirrm
201 2275 260 2337 erit
286 2275 545 2352 animadvertere,
568 2275 666 2353 ipsum
692 2273 779 2336 nobis
802 2274 1024 2352 quodammodo
1047 2275 1185 2337 indicare

63 2380 191 2459 scribam,
215 2395 250 2440 se
273 2395 333 2440 non
356 2385 530 2440 contentum
553 2376 646 2438 luisse
669 2376 786 2438 calamo
809 2376 916 2439 librum
931 2385 1022 2457 prout
1040 2379 1096 2440 sub
1114 2397 1184 2441 ma-

64 2500 112 2545 nus
133 2481 189 2546 sibi
212 2489 341 2544 venerat
367 2482 474 2543 iterum
503 2480 676 2558 exarando,
705 2480 761 2542 sed
784 2479 939 2542 addidisse
968 2498 1002 2542 se
1029 2481 1185 2560 nonnulla,

64 2602 116 2663 quo
136 2584 301 2666 perfectior
324 2591 477 2664 appareat.
517 2582 562 2645 Eo
585 2583 775 2663 apertissime
797 2583 924 2645 tendunt
946 2583 1056 2646 verba:
1084 2585 1186 2663 „vnde

65 2695 132 2750 wart
152 2686 320 2750 vollebrabt
344 2721 379 2731 —
407 2688 470 2748 mit
497 2686 601 2747 allen
624 2686 695 2747 den
720 2686 860 2768 dingen
890 2687 953 2748 alse
983 2687 1027 2747 irz
1056 2686 1106 2748 hie
1129 2706 1187 2750 vor

65 2790 126 2854 incl
146 2777 285 2855 sebent.”

69 2935 261 2944 mm-

120 3021 280 3087 ‚Saxouieus
304 3026 399 3075 auctor
420 3021 446 3075 in
472 3019 688 3091 septentrionalis
709 3019 866 3076 Germaniae
893 3037 954 3076 usus
980 3021 1116 3092 scribens,
1141 3022 1187 3078 ubi
1275 3072 1277 3078 ,

66 3116 149 3187 „potui
168 3117 264 3171 humor
285 3130 320 3168 ex
345 3114 449 3170 hordeo
473 3121 518 3170 aut
543 3114 692 3184 frumento,
718 3115 744 3170 iu
765 3115 895 3185 quandam
916 3115 1112 3172 similitudinem
1133 3117 1188 3172 vini

66 3207 228 3282 corruptus',
249 3209 283 3264 de
303 3209 400 3264 vinetis
426 3226 488 3264 sane
509 3225 561 3264 nnn
579 3209 743 3279 cogitasset,
769 3210 821 3264 nisi
842 3211 876 3264 ob
898 3210 991 3265 oeulos
1017 3212 1067 3266 sibi
1094 3211 1189 3267 luisset

65 3305 173 3360 bavuioi
192 3304 257 3359 libri
277 3303 377 3359 mentio
392 3319 470 3374 quam
490 3303 596 3359 silentio
612 3303 762 3374 praeterire
783 3321 860 3359 ausus
880 3320 934 3360 non
954 3312 1003 3360 est.
1036 3305 1091 3361 Sed
1105 3323 1187 3361 verae

65 3398 252 3455 consuetudinis
272 3397 413 3469 imperitus
430 3397 574 3468 dupliciter
590 3397 699 3452 erravit.
731 3397 845 3454 Primum
867 3399 937 3458 eninr
958 3399 985 3453 iu
1003 3400 1133 3456 reditibus
1153 3419 1188 3456 en

64 3492 164 3563 riaetis,
194 3492 351 3564 quibuscum
376 3492 512 3564 pomaria,
547 3498 639 3564 utpote
665 3492 692 3546 in
717 3492 807 3563 patrio
835 3493 892 3562 ejus
919 3494 979 3548 solo
1007 3494 1090 3557 minus
1114 3511 1188 3566 rara,

63 3588 200 3661 componit,
221 3586 405 3642 infelicissimo
426 3585 583 3642 emendandi
607 3586 695 3640 studio
716 3586 855 3657 indulgens
876 3594 968 3642 sancto
989 3586 1065 3643 Gallo
1085 3590 1186 3644 substi-

63 3685 104 3737 tuit
132 3687 251 3737 sanetum
277 3680 428 3751 Urbanum,
458 3681 502 3751 qui
528 3680 673 3736 vinitorum
704 3688 829 3753 patronus
861 3681 958 3736 colitur
989 3682 1032 3736 die
1058 3683 1094 3738 25
1116 3683 1187 3754 lilaji,

62 3776 167 3833 nominis
193 3791 316 3832 errorem
342 3774 368 3828 iu
394 3774 522 3829 bavarieo
546 3774 616 3829 libro
638 3776 801 3846 suspicatus,
827 3791 876 3832 nec
903 3775 1055 3846 intelligens
1082 3793 1146 3832 nou
1172 3795 1187 3833 a

61 3870 196 3942 patroni
220 3868 277 3925 sed
301 3884 317 3924 a
338 3869 529 3925 vindemiae
550 3868 605 3925 die
625 3869 744 3940 pendere
765 3869 888 3940 partiarii
908 3870 999 3926 coloni
1018 3872 1186 3942 praestatio-

59 3981 110 4021 nes.
143 3963 247 4027 Deinde
267 3962 339 4018 haud
359 3963 443 4018 minus
464 3964 579 4034 turpiter
599 3964 689 4036 lapsus
711 3964 796 4019 altera
812 3963 872 4019 vice
888 3963 976 4019 vineta
997 3965 1089 4020 miscet
1109 3965 1186 4020 redi-

58 4058 123 4114 tibus
148 4074 184 4113 ex
214 4056 386 4126 molendinis,
416 4057 594 4127 vectigalibus
625 4058 807 4128 monetisque,
837 4054 950 4128 quorum
982 4057 1039 4113 dies
1070 4077 1103 4115 ex
1128 4061 1185 4114 sola
1243 4126 1251 4138 ἦ

56 4152 197 4209 locationis
218 4151 280 4222 lege
301 4150 483 4221 dijudicandus
504 4158 571 4222 erat,
595 4151 659 4206 lieet
679 4167 756 4207 nemo
778 4151 910 4206 dubitabit
930 4159 1031 4208 certam
1052 4153 1085 4209 de
1106 4154 1185 4209 viue—
1214 4153 1221 4160 “

54 4251 143 4303 torum
163 4245 343 4301 locationibus
364 4245 582 4301 consuetudinem
603 4245 757 4315 obtinuisse,
778 4244 927 4316 ubicunque
948 4252 1093 4303 terrarum:

210 4338 299 4411 „mitis
319 4339 345 4396 iu
365 4339 609 4414 apriciscoquitur
629 4339 763 4397 vindemia
784 4336 884 4396 saxis?
