2722 4898
506 337 742 404 ...iffi-

87 517 140 566 'tao
152 509 257 578 iniuriae
271 509 471 564 aestimationem
485 509 603 578 impetret

103 597 130 653 eb
145 597 306 662 adversario,
327 605 355 650 et
371 596 465 664 judicis
483 595 603 650 mulctam

101 685 221 750 incurat,
248 684 322 750 qnod.
342 691 440 736 temere
463 699 552 737 manus
576 683 603 735 in

99 787 165 824 reum
187 769 283 837 injecit.
318 769 387 822 Reus
410 770 532 821 autemst
552 769 602 820 nri-

99 873 144 909 nus
160 856 270 909 idoneus
288 857 405 908 inventus
425 855 513 921 tuerit,
533 853 603 921 judi-

100 946 132 997 cis
149 942 282 999 custodiae
300 941 446 1005 mandetnr3
464 947 603 1008 protegere

99 1030 160 1081 enirn
171 1029 285 1097 jndicem
300 1036 410 1094 actores,
426 1043 478 1078 non
494 1026 603 1078 criminis

99 1123 239 1184 suspectos.

120 1212 241 1294 Caput
263 1212 322 1276 271
346 1213 400 1277 lit.
420 1215 449 1280 b.
485 1214 602 1278 Nullum
708 1211 866 1278 Arntts.
898 1212 969 1289 „Ob
988 1214 1040 1277 die
1058 1233 1130 1278 mon
1153 1234 1195 1279 on

53 1333 104 1378 ex
125 1317 344 1398 advocatorum
372 1335 481 1381 errore
507 1332 603 1398 prae·
655 1317 740 1379 sines
768 1318 977 1397 consprecden
1004 1325 1085 1382 soort
1108 1319 1195 1382 nictt

46 1419 204 1498 judicium
229 1421 305 1501 pati,
331 1420 383 1500 qui
406 1422 443 1484 ab
466 1439 503 1484 eo
527 1439 604 1502 pro·
654 1440 693 1483 ne
708 1421 760 1484 iet.
783 1420 834 1483 die
848 1421 1029 1485 soito'bls'bet
1043 1423 1194 1486 tersun-

52 1523 159 1601 posita
182 1528 250 1587 rate
273 1542 334 1588 non
355 1524 504 1589 hebuerit.
657 1524 714 1587 der
730 1523 868 1589 scindere
885 1526 971 1588 sines
986 1525 1196 1609 corsmccden

655 1629 811 1692 mordent
1078 1709 1080 1714 ,

121 1729 240 1812 Cnpnt
262 1729 335 1794 272.
378 1731 513 1795 Festinet
538 1731 603 1792 cri·
708 1731 821 1806 „Socer
848 1751 898 1794 nm
929 1733 1110 1814 unpericttte
1139 1734 1196 1798 bo-

53 1834 149 1897 minis
171 1842 245 1898 reus
268 1851 381 1897 causae
404 1840 603 1916 patronumn
656 1836 758 1915 clepet
790 1837 872 1898 wirt.
907 1835 970 1898 dte
1002 1837 1119 1900 diddo
1150 1857 1195 1900 nn

44 1934 163 2014 judice
185 1938 415 2019 impetraturus,
439 1956 499 2018 quo
520 1956 603 2000 non·
656 1944 737 2001 erst
753 1938 821 2001 der
838 1939 1037 2018 posceret)
1060 1940 1111 2002 die
1124 1940 1197 2004 wito

55 2039 132 2100 dun
161 2041 219 2103 sihi
252 2059 405 2105 concesso
440 2042 603 2103 emendare
656 2042 694 2104 de
712 2061 794 2105 noers
811 2042 970 2122 unpetobit
989 2043 1028 2106 is.
1051 2062 1087 2105 so
1106 2042 1203 2106 macte

57 2142 196 2206 criminis
215 2145 412 2208 intentionem
430 2145 603 2208 accusatori
656 2145 713 2208 der
725 2146 844 2226 clepere
857 2145 1004 2210 deuteron
1017 2147 1086 2211 stne
1098 2148 1195 2229 otone.

58 2261 245 2313 concessum
268 2257 325 2315 est.
654 2249 738 2312 oncle
754 2249 797 2312 dc
813 2269 857 2314 nn
873 2248 992 2315 ntctt.”

554 2468 703 2542 XIN.

57 2613 114 2680 Ite
129 2617 373 2702 probationibus
394 2626 425 2683 et
438 2621 727 2703 praesumtionibus
733 2641 746 2695 ;
768 2621 812 2683 nd
824 2619 1032 2704 postpositum
1047 2619 1197 2703 Ansepisi

461 2731 555 2806 capnt
578 2722 616 2787 de
635 2724 799 2806 perjuriis.

74 2875 79 2878 ·
122 2859 331 2943 caputots.
360 2860 406 2925 De
424 2863 604 2944 possessio-

58 2961 113 3026 nis
133 2965 303 3030 commodo.

122 3068 152 3132 si
173 3069 276 3151 plures
300 3068 429 3133 alienam
447 3069 604 3133 heredita-

60 3173 124 3235 tem
136 3173 193 3236 sibi
205 3172 367 3253 vindicent,
379 3173 457 3237 bona
470 3173 604 3236 defuncti

64 3282 294 3356 sequestrentur
317 3295 334 3339 e
355 3276 476 3358 Judice,
498 3277 607 3340 victori

64 3379 184 3463 integre
217 3380 425 3461 restituenda,
466 3380 493 3443 si
526 3398 606 3441 nen-

68 3488 140 3545 tram
158 3491 276 3565 partem
291 3484 495 3565 possessionis
515 3501 604 3546 cnm-

67 3586 185 3651 nodum
200 3594 331 3654 tueatur.
355 3589 515 3652 Paternum
530 3604 605 3652 vero

67 3690 295 3769 possessionem
329 3710 391 3755 non
427 3697 607 3755 contestan-

67 3792 132 3856 dum
166 3811 238 3858 esse
266 3794 344 3875 filio,
379 3795 430 3876 qui
459 3793 606 3876 Judicium

67 3914 126 3959 non
149 3898 310 3988 detrectet.

69 4016 272 4028 -1-———--⁴--

77 4069 83 4072 ⁴
143 4067 176 4137 t)
206 4067 362 4128 Contionem
389 4070 422 4126 de
450 4068 638 4142 prosequenda
664 4067 712 4125 tite
738 4065 898 4125 substituens
923 4067 1067 4145 praecibus
1095 4067 1137 4124 rei
1163 4064 1198 4124 de

67 4163 241 4221 coneedendo
260 4165 313 4221 sibi
332 4180 429 4220 causae
449 4171 565 4237 patrono
586 4164 727 4220 saxonicus
746 4163 865 4235 scriptor
885 4163 937 4219 troc
954 4179 1060 4236 quoqne
1081 4164 1143 4220 loco
1164 4162 1198 4219 ati

68 4258 155 4314 ocutis
173 4259 290 4317 removit
306 4260 474 4331 junctorum,
498 4275 552 4330 qua
576 4259 745 4319 eonnectitur
765 4258 887 4315 havuini
914 4258 989 4316 tibri-
1003 4259 1100 4331 reguta
1120 4257 1199 4316 titulo

70 4353 193 4426 nunant
214 4354 249 4412 de
269 4353 417 4414 advocatis.
