2722 4898
518 365 753 431 -147-

154 538 203 594 Ad
224 537 349 610 capitis
369 538 427 595 202
446 539 544 594 verba:
571 539 670 610 „chr
691 542 810 596 nahtes
831 541 901 596 korn
921 544 993 599 stilet
1009 541 1071 598 -”:

155 632 261 703 Caput
285 632 350 688 225.
390 633 531 688 Furtorum
557 634 608 689 alia
636 635 788 704 manifesta,
813 635 866 690 alia
891 653 942 692 nec
967 638 1106 695 manifesta
1135 657 1202 697 esse.

62 727 143 783 Furti
164 732 253 782 autem
272 727 403 782 manifesti
430 744 504 783 reum
524 728 633 797 haberi,
661 729 706 799 qui
727 729 943 802 deprehendatur
963 732 1077 788 nondum
1099 752 1114 789 e
1135 751 1204 791 con-

63 826 164 895 spectu
189 826 293 877 remota
322 837 353 876 re
379 821 493 893 tortian,
526 839 590 878 uec
615 822 715 878 ullam
742 824 774 879 in
799 824 901 880 furtis
927 814 1120 883 manifestis
1146 829 1203 884 di-

65 915 293 972 stinctionem
318 915 512 972 faciendam
539 935 629 986 esse,
656 924 763 973 utrum
787 917 943 974 interdiu
968 935 1006 975 au
1032 928 1204 980 nocturno

65 1016 225 1083 ternpore
245 1026 300 1066 res
321 1011 434 1066 aliena
455 1011 570 1068 ablata
590 1011 705 1069 luerit.

152 1106 181 1161 ln
203 1121 263 1159 eum
279 1105 324 1178 qui
343 1104 453 1176 pallium
469 1104 552 1161 inscio
567 1106 675 1162 domino
697 1106 813 1163 ablatum
834 1107 904 1163 ultra
924 1108 1042 1165 triduum
1061 1110 1204 1168 retinuerit

66 1200 133 1255 lurli
154 1199 288 1255 actionem
308 1198 377 1255 dari.

151 1293 244 1350 Fidem
264 1294 291 1349 in
312 1293 377 1348 lurli
398 1295 523 1365 concepti
540 1310 619 1350 cansa
640 1295 728 1351 actori
748 1295 1009 1368 adhibendumne,
1026 1298 1126 1369 juranti
1146 1316 1204 1357 rem

65 1389 139 1444 furto
160 1387 212 1444 sibi
231 1387 348 1443 ablatam
369 1404 437 1444 csse.
477 1388 535 1443 Non
556 1389 663 1445 inuenta
684 1406 730 1460 re,
757 1391 830 1461 cujus
857 1390 961 1446 dicatur
988 1392 1086 1449 furtum
1105 1394 1205 1450 iactum

65 1501 136 1554 esse,
158 1482 370 1539 convincendum
390 1499 449 1538 csse
470 1499 545 1538 rcum
566 1489 668 1556 septem
689 1484 797 1540 testium
817 1484 905 1555 dictis,
929 1487 974 1557 qui
994 1488 1050 1543 vien
1070 1487 1205 1560 referant;

64 1578 191 1634 sufficere
212 1584 239 1632 nt
261 1594 296 1632 en
316 1577 382 1633 furti
402 1593 481 1633 causa
502 1577 650 1633 diffamatus
672 1579 847 1639 convincatur
874 1580 973 1636 actoris
994 1582 1037 1652 jus
1059 1583 1204 1654 jurandum

64 1671 194 1728 adhibitis
216 1671 318 1728 duobus
339 1671 480 1728 comitibus
500 1672 668 1744 praestitum.

152 1765 259 1840 Caput
283 1766 348 1822 220.
394 1766 438 1822 Ad
463 1766 650 1839 praecedentis
677 1767 772 1840 capitis
798 1768 895 1824 verba:
927 1769 1000 1839 „vad
1025 1769 1059 1826 ist
1084 1786 1114 1826 er
1139 1772 1202 1826 be·

64 1858 263 1919 livmedet.”

152 1956 183 2012 Si
203 1956 267 2012 furti
288 1956 413 2028 concepti
432 1972 493 2013 reus
514 1956 624 2012 illaesae
645 1955 849 2012 existimationis
863 1957 944 2013 homo
960 1957 1003 2027 sit,
1023 1957 1096 2028 cuius
1115 1963 1203 2014 tamen

63 2071 118 2126 ope
139 2051 290 2108 consiliove
312 2057 405 2107 auctor
431 2052 457 2107 in
484 2051 559 2107 litem
582 2057 692 2106 vocatus
717 2050 758 2106 rei
785 2050 884 2106 furtum
912 2051 984 2108 dicat
1010 2052 1108 2108 facturn
1136 2069 1204 2124 esse,

60 2146 206 2220 judiciarii
226 2147 378 2203 certaminis
398 2145 550 2202 discrimine
570 2163 628 2201 rem
648 2145 847 2201 examinandam
868 2162 926 2202 esse
938 2150 975 2216 ¹).

152 2240 262 2315 Caput
281 2241 337 2297 227
359 2241 393 2299 ad
413 2240 600 2313 praecedentis
622 2240 717 2312 capitis
737 2240 835 2296 verba:
858 2240 947 2311 „vnde
969 2241 1003 2297 ist
1025 2241 1074 2298 dan
1095 2226 1125 2297 er
1146 2241 1204 2312 giht

65 2337 116 2392 daz
138 2354 171 2393 er
192 2337 231 2391 sin
251 2338 357 2409 schvp
378 2336 446 2393 habe
462 2333 526 2390 -”;
1038 2395 1040 2399 ,
1071 2402 1074 2407 .
1102 2388 1105 2393 ,
1313 2388 1316 2404 ,

151 2431 303 2502 Plagiarios
319 2437 347 2487 ut
361 2431 427 2487 alios
442 2431 515 2485 fures
531 2447 564 2485 ex
581 2428 644 2483 furti
663 2428 790 2502 concepti
805 2446 885 2486 causa
896 2429 999 2502 teneri,
1014 2392 1204 2581 wione

63 2543 157 2600 poena
179 2525 260 2596 affici,
280 2542 358 2597 quarn
378 2524 505 2597 parvulus
526 2540 645 2594 egensve
665 2524 755 2594 fuerit,
775 2540 854 2594 quem
874 2524 946 2604 furto
968 2524 1073 2581 abduxe
1128 2566 1135 2580 .

152 2619 260 2693 Caput
285 2620 342 2677 227
368 2620 402 2676 ad
431 2619 620 2693 praecedentis
652 2619 747 2690 capitis
773 2618 1000 2690 verna:‚„vnde
1026 2619 1058 2674 ist
1086 2618 1204 2674 dauein

65 2716 196 2773 manache
218 2715 279 2779 dena
299 2715 400 2772 andren
420 2721 504 2770 ralet:
528 2713 576 2769 daz
597 2729 629 2768 en
649 2713 716 2768 stole
732 2709 801 2766 —'':

150 2813 248 2866 Parem
263 2811 369 2884 culpam
388 2810 528 2866 incurrere
546 2815 573 2864 et
589 2809 648 2881 pari
665 2823 754 2881 poona
776 2807 932 2864 alliciendos
953 2823 1013 2863 esse
1035 2807 1121 2869 furem
1141 2806 1202 2860 iur-

67 2907 144 2980 lique
165 2911 306 2962 auctorem
325 2906 368 2961 vel
390 2905 549 2976 adjutorem.

152 3000 201 3056 Ad
227 3001 355 3074 capitis
375 2999 429 3056 201
456 2999 552 3055 verba:
580 2997 653 3068 „und
679 2997 798 3070 cnphilet
824 2993 868 3051 ein
893 3011 951 3050 man
978 2995 1019 3050 sin
1045 2979 1093 3066 git
1116 2994 1203 3051 ciuem

69 3097 173 3153 andern
193 3113 263 3152 man.
285 3097 370 3152 silher
391 3095 458 3151 oder
479 3093 537 3164 golt
559 3093 630 3149 etc.''
701 3133 705 3142 ,
876 3083 879 3090 ’

154 3190 262 3264 Caput
282 3190 347 3247 228.
393 3189 432 3245 De
459 3188 579 3244 custodia
606 3186 765 3259 praestanda
795 3185 822 3241 in
849 3184 1011 3241 vestimentis
1037 3182 1151 3253 sartori,
1177 3187 1205 3239 nt

69 3287 258 3357 reficerentur,
278 3284 394 3342 traditis.
429 3283 468 3339 De
489 3281 669 3338 custodiendis
689 3282 770 3337 rebus
792 3280 929 3353 depositis.

154 3381 263 3454 Caput
276 3379 342 3437 229.
363 3379 401 3434 ne
413 3378 533 3434 custodia
544 3375 704 3449 praestanda
716 3375 742 3430 in
753 3375 876 3447 pignoris
887 3380 932 3453 aut
942 3371 1103 3430 venditionis
1115 3386 1203 3425 cansa.

154 3476 262 3550 Caput
275 3474 340 3531 230.
362 3473 450 3530 Rebus
466 3472 641 3528 commodatis
659 3471 789 3540 majorem
804 3484 881 3540 qnam
898 3468 952 3523 suis
969 3465 1134 3536 diligentiam
1151 3462 1203 3519 ad-

70 3571 213 3631 hibendam
233 3587 301 3628 esse.
336 3568 412 3633 (loni.
424 3578 452 3624 c.
467 3567 532 3624 223.
665 3620 668 3625 .

154 3666 263 3740 Caput
280 3663 444 3729 231-235.
475 3661 651 3730 Quaestiones
667 3659 757 3715 variae
774 3658 808 3713 de
825 3656 911 3726 furtis,
930 3653 1089 3723 latrociniis,
1109 3652 1204 3710 bonis-

71 3779 124 3835 que
142 3761 172 3820 vi
190 3759 296 3829 ablatis.
574 3828 578 3834 ⁶

152 3856 203 3913 Ad
229 3853 357 3928 capitis
381 3851 438 3908 204
463 3851 497 3907 de
524 3849 625 3914 damnis
651 3865 700 3921 per
726 3847 796 3902 ieras
824 3845 903 3901 illatis
923 3843 1022 3899 verba:
1049 3841 1129 3913 „dem
1156 3841 1213 3933 der
1283 3884 1298 3902 ,

10 3987 14 3996 -
70 3950 172 4009 schade
192 3949 340 4022 geschicht.
363 3946 409 4003 wil
430 3945 487 4003 der.
510 3961 545 4000 er
567 3960 639 4027 mag
660 3961 695 3999 ez
717 3937 868 4011 toetcn''‚
893 3955 961 4020 quae
982 3936 1126 3994 referenda
1148 3940 1206 3992 sunt

150 4089 183 4158 1)
208 4089 293 4144 Locus
317 4085 344 4142 in
368 4085 555 4156 lassbergiano
576 4082 700 4154 exemplo
722 4081 897 4151 depravatos,
924 4076 1056 4148 adquam
1082 4090 1205 4144 magnam

69 4185 118 4242 alii
139 4181 251 4240 codices
266 4182 412 4239 lectionum
429 4179 587 4235 varietatem
609 4177 742 4232 exhibent.
774 4173 814 4229 01.
829 4169 1087 4242 Wackernagel
1108 4186 1134 4241 p.
1151 4166 1204 4222 181

68 4274 164 4355 capito
184 4276 250 4350 181,
268 4277 302 4334 in
328 4275 398 4333 notis
423 4273 561 4344 congestis
588 4272 621 4328 ad
644 4270 742 4326 verba:
770 4284 820 4339 „so
841 4282 919 4323 muoz
946 4283 977 4322 ez
1003 4272 1050 4338 got
1069 4263 1159 4319 nuder
1180 4262 1207 4317 in

68 4370 219 4432 scheidcn”
241 4379 269 4430 ol
288 4389 359 4447 „vor
372 4377 445 4444 'gnte
465 4369 516 4426 sint
536 4368 559 4425 si
578 4367 657 4425 beide
679 4360 828 4422 sclruldio.''
1088 4367 1089 4370 ’

946 4468 1003 4523 10·
