2722 4898
566 330 801 396 -212-

200 500 246 553 Ad
260 501 373 553 verba:
390 503 455 565 „lot
468 501 530 553 aller
545 502 659 554 erim·

154 605 183 638 ne
199 587 304 638 onrebte
322 589 371 638 dor
387 577 419 639 ari
436 587 609 655 betmnnpen'’:

200 670 300 740 Negato
315 672 408 737 judicis
429 673 521 724 auxilio
539 689 585 739 pro
600 671 659 737 jure

155 771 201 808 suo
219 755 356 808 obtinendo
374 759 495 824 privatam
512 760 562 810 vim
584 757 657 809 adhi-

153 841 231 905 bere,
248 851 274 893 et
292 843 429 894 amicorum
448 842 540 894 auxilio
559 859 616 895 cam
634 845 659 894 in

155 940 209 976 rem
227 926 261 977 uti
278 925 365 979 licere.

765 1016 825 1070 Art.
847 1014 911 1070 134.
955 1014 1071 1084 „Sacells
1100 1031 1168 1071 mon
1198 1033 1253 1071 cor

708 1109 786 1165 deme
810 1108 936 1182 periente
959 1109 1016 1181 pell
1041 1109 1174 1165 condecit
1193 1110 1253 1181 opit

709 1219 797 1275 cymen
821 1204 956 1258 anderen.
988 1202 1082 1276 erepit
1105 1203 1177 1260 tene.
1207 1222 1252 1258 aco

707 1297 761 1352 obe
780 1313 842 1352 men
861 1296 889 1350 ia
909 1313 972 1368 pane
990 1295 1121 1370 aenuldip
1142 1296 1176 1352 si.
1199 1297 1252 1352 lter

706 1391 752 1447 rol
770 1388 860 1446 dorcic
884 1388 965 1445 reciet
983 1390 1129 1461 aprecltcn.
1156 1391 1252 1446 vener

706 1484 758 1540 lter
777 1484 804 1538 tn
824 1499 880 1538 oon
901 1481 1037 1556 pelobcrtc
1061 1482 1193 1556 scluldip
1214 1484 1250 1540 si.

708 1579 779 1634 oder
797 1593 854 1634 oon
879 1576 945 1634 erbe
971 1577 1026 1633 don
1050 1575 1103 1633 lter
1126 1576 1251 1647 antsan-

706 1688 761 1743 pen
779 1666 881 1728 tobe.''

201 1840 284 1902 Loco
306 1838 441 1901 bavarici
468 1836 537 1900 libri
560 1836 605 1925 de·
626 1833 718 1897 irritis
749 1834 936 1915 captivorum
964 1832 1123 1917 promissis
1145 1834 1251 1898 leoto-

116 1960 182 2005 rum
205 1941 311 2022 aliquis
334 1940 488 2021 subjunxit
516 1940 547 2000 in
578 1937 717 2017 exemplo
741 1955 796 2001 suo
820 1937 1052 2013 celeberrimum
1079 1938 1163 2001 illum
1185 1957 1249 2001 ex·

117 2062 239 2107 cursum
268 2043 306 2106 de
333 2042 485 2106 servitutis
509 2041 645 2123 origine,
676 2040 727 2119 qui
752 2039 890 2103 similiter
913 2039 978 2104 lore
999 2040 1112 2124 legitur
1134 2048 1197 2103 tam
1220 2041 1249 2103 in

117 2146 263 2207 saxonico
291 2145 368 2208 libro
397 2162 487 2224 quam
514 2145 544 2204 iu
569 2143 638 2224 jure
667 2143 838 2223 municipali
867 2143 1024 2207 saxonico.
1069 2142 1248 2222 Priusquam

117 2246 156 2308 de
179 2247 244 2326 ejus
267 2244 349 2309 tonte
373 2247 506 2326 aperiam
530 2262 639 2308 sensus
656 2262 752 2324 meos,
775 2246 923 2308 lectorum
942 2246 1038 2308 oculis
1057 2246 1249 2309 commodum

116 2347 175 2409 erit
197 2347 304 2429 subjici
326 2350 475 2430 integram
497 2347 575 2409 hano
598 2347 783 2427 particulam,
807 2348 943 2429 apposita
961 2347 1038 2428 juris
1055 2349 1248 2430 municipalis

117 2449 256 2512 saxonici
270 2451 402 2513 lectione
416 2469 456 2511 ex
469 2450 521 2512 illo
532 2449 719 2512 berolinensi
731 2450 881 2530 exemplo,
898 2448 989 2530 quod,
1005 2451 1151 2531 scriptum
1168 2470 1249 2514 anuo

116 2557 149 2613 ut
169 2551 290 2614 videtur
314 2549 406 2630 1369,
434 2569 495 2615 uuo
519 2552 627 2614 codice
645 2552 751 2632 juncta
774 2552 898 2614 exhibet
914 2553 985 2633 Jura
1008 2553 1249 2616 ministerialium

115 2651 437 2737 magdeburgensium,
463 2654 660 2735 jurisjurandi
687 2654 842 2735 ajudaeis
871 2655 1039 2717 hominibus
1069 2657 1249 2736 praestandi

115 2754 252 2836 formam,
275 2756 429 2837 speculum
451 2756 630 2819 saxonicum
653 2757 814 2839 integrum,
833 2758 883 2838 jus
906 2758 1087 2838 municipale
1112 2767 1143 2821 et
1160 2759 1247 2840 judi-

115 2857 201 2920 ciarii
223 2859 336 2922 ordinis
357 2877 493 2922 normam
517 2859 588 2932 (tls.
605 2856 705 2923 Germ.
722 2858 772 2923 iol.
788 2860 855 2934 10).

149 3022 253 3092 Caput
270 3024 330 3091 308,
347 3027 476 3095 inquirens

114 3109 140 3159 in
158 3110 287 3162 seruitutis
306 3111 425 3178 origines.

149 3209 172 3247 a.
190 3191 258 3258 „Got
270 3194 314 3246 hat
332 3194 381 3247 deu
397 3211 471 3247 mcu-
533 3196 588 3249 Art.
598 3196 655 3250 136.
674 3196 741 3263 „Got
753 3199 794 3250 hat
807 3199 857 3252 deu

115 3277 194 3329 selaeu
222 3278 288 3330 uach
317 3280 350 3329 im
382 3279 472 3333 selben
497 3283 856 3352 manuaohpmcsclbcugc-

114 3361 235 3431 gebildat.
264 3363 311 3415 dez
340 3364 379 3415 sol
406 3366 472 3417 ouch
498 3366 584 3420 bildct.

112 3447 146 3498 im
170 3447 218 3498 der
241 3449 364 3501 meuaclre
386 3450 471 3518 guado
881 3512 884 3517 ,

113 3532 166 3583 und
181 3532 266 3584 aanor
282 3549 368 3603 sagea.
388 3552 417 3588 er
430 3537 472 3588 hat
531 3539 650 3591 -uude
674 3540 717 3591 hat
741 3556 790 3591 cuc
812 3542 857 3592 mit

112 3615 178 3667 ouclr
197 3616 246 3668 tlon
265 3620 404 3673 menschen
426 3622 472 3673 mit
497 3623 566 3675 einer
594 3633 700 3677 martcrc
733 3626 856 3695 irlcdiget.

69 3703 72 3708 '
112 3700 182 3751 sinor
194 3708 285 3753 morter
298 3719 350 3755 von
368 3707 470 3773 ewigon
498 3706 557 3773 [deu
575 3709 650 3761 einen
669 3711 723 3762 also
739 3711 788 3762 deu
806 3728 855 3763 au-

111 3784 171 3836 tode
183 3784 304 3839 erlocset
322 3787 369 3840 dea
385 3790 425 3843 aol
437 3792 471 3842 im
497 3791 583 3845 deren.
601 3810 660 3860 pme
679 3797 712 3847 ist
726 3795 771 3847 ‹ler
785 3812 853 3848 arma

112 3867 158 3920 der
168 3870 286 3922 monache
301 3873 413 3940 grozlich
426 3875 469 3927 lob
497 3877 550 3929 alae
563 3877 632 3946 licph
641 3879 694 3932 alae
706 3880 752 3932 der
763 3881 854 3946 riche].

111 3952 163 4003 uml
174 3953 257 4021 guado
269 3970 357 4025 sagon.
369 3966 415 4026 got
425 3959 470 4011 der

110 4046 169 4104 gart
188 4052 239 4090 vou
264 4056 312 4093 uua
335 4044 387 4096 nivt
410 4060 468 4097 wan

110 4120 195 4174 rohtea
207 4122 303 4177 lebona.
321 4125 352 4177 da
363 4128 407 4180 mit
418 4129 468 4181 ha·

109 4204 468 4277 henwirimgodaulretallor

109 4288 177 4342 sinor
199 4290 287 4347 arbeit.
314 4309 345 4347 au
370 4297 467 4351 rehtero
