2722 4898
634 348 849 415 ...aa-.-

182 517 254 575 dicio
274 517 308 575 de
324 517 440 589 iactura,
460 534 538 591 quarn
558 518 629 591 passi
647 525 719 590 cunt,
770 521 798 576 si
819 521 847 576 is
871 521 926 578 acl
946 521 1083 581 mnata
1101 524 1157 581 lcr
1180 531 1218 581 nd
1246 525 1318 583 lidet

180 612 719 686 nisiJ'uratrcspcnsumsequodjuatnau
770 616 827 673 das·
845 615 961 673 siciens
979 624 1030 675 not
1048 633 1149 677 amasa

181 844 288 903 armatis
307 844 427 901 manibus
441 842 599 900 uindicanda
615 850 700 902 erant.
735 845 824 902 Armis
845 845 914 901 enim
934 832 1067 919 oblinere,
1088 864 1158 919 quae
1178 849 1242 922 quis
1263 851 1317 907 alia

179 940 230 998 sibi
255 940 360 997 ratione
384 939 455 995 lueri
479 953 534 996 non
558 946 664 1011 posset,
687 939 855 996 'fortitudinis
875 939 1045 998 uidebatur.·
1066 942 1193 1014 inprimis
1221 944 1317 1018 itaque

179 1035 259 1092 armis
278 1034 425 1093 Mandane
444 1033 636 1104 ingenuitatem
656 1035 787 1091 bonorem
806 1040 853 1093 aut
871 1035 941 1092 bona
961 1034 1033 1097 avita
1049 1038 1154 1108 iustam
1172 1045 1244 1095 erat.

254 1128 371 1187 Admissi
395 1126 549 1185 certaminis
572 1127 606 1184 ad
632 1128 839 1200 impugnandum
860 1129 960 1200 judicis
985 1130 1178 1189 anctoritatem
1195 1132 1317 1205 primum

177 1224 205 1282 in
230 1223 415 1297 bipes-ensium
440 1223 503 1293 logo
528 1223 671 1294 uestigium
698 1223 817 1296 reperio.
862 1222 1051 1283 contumaciae
1077 1226 1149 1283 enias
1169 1243 1244 1299 reo,
1271 1229 1317 1300 qui

164 1319 291 1391 septima
311 1318 372 1375 vica
392 1317 577 1390 interpellatus
598 1317 715 1391 pignora
734 1318 849 1375 mulctae
868 1318 975 1375 nomine
992 1319 1115 1391 ajudice
1135 1321 1199 1394 capi
1220 1339 1316 1394 passus

179 1430 231 1471 non
252 1418 321 1483 erat,
342 1428 435 1470 coram
453 1427 521 1483 rege
542 1412 742 1471 concedebatur
762 1413 797 1471 ad
816 1411 970 1471 certaminis
990 1413 1136 1473 discrimen
1156 1430 1316 1489 provocare

180 1507 364 1565 adversarium
382 1507 440 1575 (ed.
454 1506 566 1578 llerold,
585 1507 626 1566 lit
641 1507 703 1576 34).
843 1576 845 1578 v

169 1648 172 1652 <
255 1601 377 1661 Saxones
396 1619 411 1659 a
430 1602 555 1673 Francis,
580 1609 609 1659 ut
634 1609 767 1674 cognatae
793 1602 946 1661 Senonibus
966 1602 1117 1674 bnqlorum
1140 1610 1242 1676 qenles
1258 1620 1318 1680 'par

178 1700 344 1756 llornannos
366 1714 382 1754 a
403 1697 588 1769 Franoogallis
615 1698 780 1769 incognitum
804 1697 869 1776 ipsis
893 1697 971 1770 prius
991 1698 1131 1771 judiciarii
1157 1701 1319 1761 certadeie

178 1810 253 1851 usum
273 1799 445 1866 acceperunt.
1132 1823 1137 1829 -
1240 1809 1244 1816 ·
1284 1796 1288 1802 ’

255 1887 436 1945 convertendi
455 1888 482 1944 in
502 1888 574 1961 ipsos
590 1887 696 1959 jndices
714 1885 869 1945 certaminis
888 1886 1006 1958 periculi
1026 1885 1207 1960 conmotudo,
1227 1888 1318 1949 fracta

177 1986 282 2042 demum
302 1983 487 2054 carolingicae
506 1983 597 2055 stirpis
622 1997 718 2052 regum
738 1980 919 2038 dominatione
944 1981 1016 2055 apud
1035 1982 1236 2054 Franooqallcs
1256 1991 1317 2045 orla

71 2088 73 2093 ’
178 2087 233 2151 cst,
258 2096 293 2136 ex
314 2093 367 2152 quo
387 2077 422 2133 ad
440 2078 516 2148 regis
536 2077 653 2133 tribunal
673 2075 827 2132 deferendis
851 2075 943 2147 ibique
966 2077 1090 2135 liniendis
1116 2080 1317 2139 coauovern'is

179 2175 329 2248 principes,
349 2173 443 2243 regiae
463 2171 612 2228 invidentes
632 2169 802 2240 auctoritati,
822 2185 876 2242 quo
896 2176 1006 2243 possent
1021 2171 1103 2229 modo
1123 2173 1320 2247 impedimenta

177 2269 270 2324 lacere
283 2272 441 2340 coeperunt.
474 2266 514 2322 Ea
527 2265 692 2339 potissimum
712 2271 755 2320 est
774 2279 866 2335 causa,
886 2281 955 2338 quae
975 2265 1059 2323 movit
1079 2267 1215 2326 satellites
1234 2269 1316 2343 prin-

178 2362 267 2435 cipum
291 2368 319 2418 et
343 2361 369 2417 in
390 2363 453 2433 jure
480 2359 596 2417 dicundo
622 2375 785 2430 assessores,
810 2365 840 2415 ut
864 2360 1057 2432 reprehensam
1080 2376 1163 2433 quam
1189 2362 1320 2425 dixerant

178 2456 351 2527 sententiam,
374 2463 499 2528 tanquam
518 2454 583 2527 ipsis
604 2454 705 2510 illatam
725 2453 857 2511 mendacii
878 2453 1065 2511 contumeliam
1084 2455 1271 2530 vindicaturi,
1287 2474 1317 2517 sc

179 2550 259 2607 armis
279 2550 424 2607 defendere
444 2556 556 2623 paratos
577 2547 759 2605 ostenderent.
1157 2594 1160 2599 .

254 2644 331 2713 Quod
351 2646 468 2718 qualiter
487 2643 663 2717 processerit,
683 2640 835 2699 accuratius
855 2641 931 2700 libris
951 2641 1090 2713 docemur,
1106 2642 1228 2718 ¹scriptia
1248 2662 1317 2705 aeuo

178 2756 230 2814 quo
252 2740 427 2797 communiter
444 2740 500 2812 J’am
521 2738 548 2794 in
568 2737 658 2794 odium
679 2742 789 2792 uenerat
815 2736 900 2793 omnis
922 2735 1059 2808 judiciarii
1084 2738 1245 2799 mannisis
1270 2742 1316 2801 in-

177 2834 260 2906 sania,
280 2834 408 2911 ludovici
427 2833 502 2904 regis
517 2833 589 2889 inter
603 2830 718 2887 Sanctos
738 2830 817 2887 relati
832 2830 1065 2888 constitutionibus
1084 2847 1101 2889 a
1121 2833 1212 2904 regiis
1227 2835 1315 2908 juris-

179 2928 341 2985 dictionibus
355 2928 412 2999 jam
431 2927 537 2999 pridem
556 2925 720 2999 proscripta.

254 3022 464 3079 Bellomanerius
489 3020 571 3077 tradit
597 3019 756 3076 sententiam
776 3019 811 3076 de
830 3017 963 3076 communi
986 3018 1161 3079 assidentium
1181 3037 1316 3083 oensem

178 3116 277 3172 dictam
302 3115 348 3171 ubi
370 3106 575 3188 reprehendere
595 3114 654 3186 quis
680 3129 758 3170 ausus
783 3112 864 3169 fuerit
885 3114 919 3170 de
945 3113 1078 3171 mendacii
1097 3117 1259 3188 opprobrio
1277 3118 1315 3177 illi

178 3207 348 3284 pugnandum
370 3208 451 3265 luisse
477 3209 606 3265 adversus
630 3208 753 3280 singulos
773 3213 905 3281 quotquot
930 3224 1025 3266 eorum
1051 3207 1203 3286 adluispent
1222 3212 1315 3273 babila

178 3305 213 3362 de
227 3302 358 3361 sententia
374 3303 488 3360 dicenda
503 3304 626 3374 consilio,
646 3303 720 3373 cujus
740 3301 908 3360 necessitatis
928 3309 957 3359 ul
976 3303 1072 3374 ingens
1094 3303 1217 3363 evitetur
1238 3307 1315 3380 puri·

178 3399 276 3469 culum,
297 3415 331 3454 ex
351 3415 401 3454 usu
421 3397 576 3468 obtinuisse,
596 3397 796 3472 prudenterque
810 3396 880 3466 lieri,
899 3403 927 3454 ut
947 3396 1102 3469 priusquam
1122 3396 1151 3457 iu
1171 3384 1317 3459 consilium

177 3494 299 3564 abeatur,
319 3493 442 3565 iniquam
456 3492 602 3549 formidans
619 3492 787 3562 sententiam,
807 3508 883 3563 quam
899 3490 1104 3564 reprehendere
1118 3492 1214 3553 anino
1226 3510 1316 3552 mcum

178 3587 363 3658 constituerit,
388 3593 470 3658 roget
491 3587 536 3657 J'us
563 3586 696 3642 dicentem
716 3585 790 3659 qnod
813 3602 830 3643 a
855 3585 967 3656 singulis
991 3601 1107 3657 quorum
1132 3588 1255 3649 consilio
1274 3603 1318 3647 res

173 3681 319 3753 judicanda
343 3682 392 3752 sit,
418 3678 542 3737 seorsum
565 3680 710 3737 sententias
734 3680 843 3754 publice
866 3679 1048 3756 proferendas
1073 3680 1213 3752 colligere
1237 3683 1317 3754 velit3

177 3791 232 3847 quo
256 3774 328 3832 iacto
354 3776 377 3832 si
401 3775 491 3848 primo
516 3774 578 3832 loeo
608 3776 791 3846 interrogatus
822 3774 937 3846 iniquam
965 3773 1128 3833 semotim
1149 3777 1320 3847 protaderit,

177 3869 415 3941 reprehendendus
437 3869 525 3927 statim
545 3875 616 3926 esset
633 3869 712 3939 alter,
733 3868 778 3941 qui
791 3874 882 3941 partes
895 3868 953 3939 ejus
965 3873 1073 3925 secutura
1086 3867 1187 3941 lucain
1209 3872 1321 3944 aaseqm

178 3963 248 4020 enim
268 3962 305 4019 ita
321 3963 512 4035 procedentem
532 3979 565 4019 ne
583 3962 645 4035 plus
664 3963 758 4033 semel,
778 3962 857 4034 idque
872 3962 1001 4019 adversus
1015 3962 1234 4036 praerogativae
1252 3983 1321 4023 sen-

178 4057 279 4113 tentiaa
296 4057 483 4130 pedissequum
502 4058 551 4114 sibi
567 4056 735 4130 pugnandum
749 4057 783 4123 sit
797 4062 872 4129 (cap.
883 4057 950 4128 llll,
963 4058 991 4123 §a
1002 4057 1072 4126 ct),
1090 4055 1229 4128 siquidem
1243 4060 1323 4117 unius

178 4151 277 4208 dictam
296 4150 362 4207 nibil
380 4152 408 4208 in
425 4151 577 4222 iudicandis
597 4150 679 4207 rebus
692 4151 792 4221 valent,
810 4151 902 4222 itaque
915 4167 1013 4208 causae
1026 4149 1230 4222 praejudicium
1252 4154 1324 4213 alter

177 4245 250 4302 solus
269 4245 298 4302 in
318 4246 421 4319 prioris
442 4244 600 4303 sententiam
619 4244 784 4302 descendens
804 4245 904 4303 inraret
923 4245 954 4314 (Ι.
973 4244 1020 4301 cit.
1037 4259 1096 4317 cap.
1112 4244 1224 4319 lxvlt,
1244 4251 1275 4319 S.
1290 4249 1325 4320 23

178 4339 244 4413 llll,
264 4343 292 4410 i·
307 4340 369 4413 52).
