2722 4898
256 534 259 539 ·
284 505 394 565 Infamia
407 501 498 562 sauri
509 501 556 575 qui
569 503 604 559 de
618 500 716 576 capitis
729 502 774 559 vel
878 503 936 558 Art.
950 501 997 559 46.
1022 500 1122 572 „Seuer
1136 500 1194 576 apt
1209 503 1267 561 oda

234 617 326 660 manus
335 600 380 658 vol
393 599 445 657 alia
457 585 635 671 ignominiosa
647 596 774 670 corporis
825 598 929 670 todepc't
942 591 1010 652 -.''

234 712 323 770 pccua
337 693 510 766 transegerit.

286 790 393 864 Caput
404 788 461 847 100
474 787 508 845 nei
519 786 616 860 capitis
626 785 663 841 99
675 784 773 841 verba:

234 888 313 958 „ties
332 903 365 943 cs
380 884 442 942 sinc
462 883 541 939 triac
560 879 632 937 tate
652 878 773 936 scrire-

235 976 336 1038 elucffl:

286 1074 337 1141 Qui
358 1071 477 1128 criminis
498 1085 573 1125 reum
590 1068 694 1141 judicio
716 1068 776 1124 aisti
877 1067 976 1137 „Smer
990 1065 1043 1122 ocis
1059 1064 1159 1139 torpet
1177 1083 1267 1138 cyneo

235 1167 398 1242 promiserit,
411 1165 434 1220 si
447 1164 554 1234 frangat
568 1150 657 1234 iidem,
671 1162 775 1233 eadem,
827 1179 874 1218 em
890 1161 1056 1235 unpcriclcta
1071 1159 1267 1237 carracciaco

235 1263 280 1319 cui
299 1277 362 1317 reus
378 1257 559 1332 subjiciendus
577 1257 668 1328 fuerit,
688 1272 780 1333 poena.

236 1354 404 1413 afficiendum
425 1369 492 1410 csse.

510 1602 558 1677 nu
589 1605 632 1677 lto
653 1602 852 1679 citationibus
874 1604 915 1681 ai
930 1603 1088 1696 jacturos

284 1774 599 1849 ·uapuc1001tu.c.
642 1772 775 1829 citatione
885 1773 1009 1827 Art-46.
1039 1772 1141 1842 „Sanan
1160 1789 1227 1829 mccc
1246 1790 1267 1828 m

236 1887 304 1947 opus
329 1886 382 1926 nou
408 1886 482 1939 essa,
509 1868 532 1923 si
553 1867 610 1940 quis
634 1868 660 1923 iu
680 1884 776 1923 recens
827 1867 906 1923 hond
924 1867 1024 1938 luaften
1044 1868 1095 1923 tad
1113 1863 1261 1935 caluit'’²).

236 1967 378 2024 commisso
395 1963 507 2019 crimine
524 1963 733 2035 comprehensus
749 1962 777 2017 iu

232 2062 276 2133 jus
296 2060 426 2133 rapiatur.

291 2163 388 2219 Coram
395 2162 487 2234 judice
502 2161 643 2218 adductum
658 2158 776 2216 convin-

237 2257 359 2314 ciendum
370 2273 429 2313 csse
443 2256 542 2312 actoris
553 2255 717 2324 testimonio,
732 2252 776 2337 cui

237 2352 351 2408 duorum
365 2350 472 2406 testium
486 2349 558 2405 dicta
575 2348 704 2405 accedant
715 2351 752 2416 ⁵).

292 2455 368 2511 Furti
383 2460 471 2509 tamen
484 2451 656 2508 latrociniive
672 2457 716 2506 aut
731 2451 775 2506 ai·
885 2453 988 2522 „Unde
1012 2453 1088 2511 selba
1114 2453 1235 2513 seimus
1259 2475 1267 2513 u

235 2545 775 2619 teriuscujusviscapitaliscriminisreum
829 2547 881 2602 der
901 2547 1002 2620 claper
1022 2544 1200 2621 cirtuupeu.”

235 2645 279 2701 vel
292 2649 395 2715 septem
404 2642 510 2698 testium
521 2639 599 2695 dictis
609 2640 774 2696 convincen-

236 2737 297 2794 dum
317 2754 385 2807 esse,
406 2736 448 2791 vel
464 2733 602 2808 judiciarii
623 2735 776 2791 certaminis

235 2831 352 2889 uictoria
379 2832 423 2898 (nt
446 2846 542 2902 supra,
564 2829 652 2902 capita
673 2846 709 2884 so.
727 2829 775 2899 99,

235 2925 336 2982 dictum
354 2925 411 2994 sit).

313 3189 344 3258 1)
371 3187 521 3247 Saronicus
546 3189 664 3262 scriptor
691 3195 790 3246 mutata
816 3190 871 3247 loci
898 3192 1031 3247 sententia
1055 3190 1148 3248 statmo
1172 3192 1267 3265 fidejus

235 3283 279 3359 qui
299 3285 429 3342 exhibere
449 3300 525 3339 reum
545 3289 669 3355 nequeat,
689 3285 776 3342 solut-a
797 3284 911 3341 mulctae
931 3275 1038 3342 nomine
1059 3292 1131 3342 tanta
1148 3264 1264 3360 pecunia

233 3385 288 3436 tam
313 3381 370 3452 ejus
395 3395 494 3452 corpus
520 3377 673 3435 aestimetur
699 3379 780 3450 („sin
800 3377 973 3451 wergelt”),
1001 3380 1192 3437 absolvendum
1216 3399 1267 3440 essu

233 3473 342 3532 iufamia
362 3489 421 3529 auur
441 3474 476 3531 ob
497 3488 603 3528 causam
623 3473 721 3529 notari.

310 3569 343 3637 2)
363 3567 447 3631 Addit
465 3566 606 3623 saxonicus
621 3567 753 3639 scriptor:
775 3569 971 3641 deprehensum
987 3569 1030 3626 uel
1041 3569 1129 3644 ipsius
1147 3572 1267 3636 oriminis

234 3662 307 3720 mnsi
330 3650 542 3719 mnmnocndum
567 3677 644 3732 csse,
672 3661 715 3718 vei
741 3663 896 3720 nominatim
923 3664 995 3720 latae
1019 3664 1047 3721 iu
1072 3681 1132 3719 aum
1158 3667 1266 3739 proceri

234 3756 390 3814 sentcntiae.
938 3750 939 3753 ’
1165 3767 1170 3774 ’

309 3851 343 3920 3)
367 3849 526 3907 locutoribus
550 3849 578 3906 in
602 3848 707 3938 ticiictis
733 3857 762 3907 ut
785 3868 848 3908 reus
874 3857 968 3909 actore
994 3860 1104 3927 „semet-
1124 3851 1267 3927 tertio''j

233 3944 358 4001 convinci
377 3951 485 4017 posset,
511 3962 546 4001 en
572 3943 776 4017 municipalibus
795 3947 945 4020 privilegiis
965 3964 1015 4020 per
1035 3948 1267 4006 meridionaiesG

232 4038 294 4095 niae
323 4038 478 4111 provincias
504 4039 531 4096 in
560 4055 727 4096 communem
754 4039 916 4110 judiciorum
946 4043 1164 4100 cousuetudinem
1194 4046 1267 4119 racip

233 4137 374 4204 coeperat,
392 4148 472 4205 quum
486 4133 609 4191 Saxones
625 4133 710 4191 adhue
725 4135 1093 4210 quotiescunqucscptupiici
1105 4138 1262 4201 testimonio

232 4232 354 4283 tueretur
374 4232 460 4298 actor,
480 4235 590 4292 seruato
610 4228 720 4300 antiquo
741 4243 816 4285 more
836 4229 870 4285 ad
886 4231 1023 4302 judiciarii
1046 4234 1198 4290 certaminis
1217 4235 1267 4292 disc

232 4320 367 4380 leuissima
386 4338 491 4397 quaque
511 4322 545 4380 da
566 4340 646 4382 causa
664 4324 891 4397 prorumpendum
911 4342 971 4384 csse
992 4325 1144 4387 crederent.
