2722 4898
600 313 814 379 ..24-

140 487 243 572 quod’
267 503 408 554 connexa
430 485 541 573 legitur
563 485 706 550 notationi
728 502 818 566 quam
847 484 1030 566 inoportuno
1057 484 1128 547 loco
1156 479 1274 564 primae

139 592 297 675 scriptioni
320 591 466 655 insertam
488 605 558 652 esse
581 604 673 668 supra
696 607 713 651 a
736 607 784 682 me
806 587 998 651 observatum
1021 591 1123 660 ost1).

224 694 344 775 Duplex
377 699 475 757 autem
508 692 587 755 inter
610 691 689 773 juris
719 691 884 755 communis
917 691 1024 753 librum
1058 696 1088 752 et
1117 690 1274 770 antiquam
1338 763 1341 770 ,

34 848 36 853 s
138 797 347 881 bajuariorum
368 796 469 880 legem
493 794 662 864 differentia
685 794 860 877 diligentius
883 793 1098 873 aliquantulum
1120 791 1179 856 boc
1202 792 1274 855 loco

139 898 361 968 consideranda
389 899 459 968 erit.
508 897 808 960 Primum-videlicet
839 896 996 980 generalia
1028 896 1139 978 placita
1168 903 1274 958 notum

139 1010 186 1069 est
213 1023 254 1067 ex
283 1001 470 1083 carolingica
499 1000 615 1081 imperii
643 999 740 1063 lorm'a
763 1017 780 1062 a
801 1000 1161 1063 comitibus'convooata
1183 1016 1275 1076 esse;

138 1106 263 1171 saeculo
286 1111 385 1169 autem
401 1104 519 1167 decimo
539 1103 638 1182 tertie,
662 1101 816 1167 dissolutis
834 1101 1035 1184 jampridem
1058 1103 1190 1182 antiquis
1213 1120 1273 1164 eo·

138 1210 240 1274 mitum
260 1209 358 1291 pagis,
379 1225 434 1288 per
456 1225 594 1290 magnam
612 1203 794 1268 Germaniae
816 1212 932 1286 partem
950 1223 1040 1285 quum
1062 1212 1114 1267 aut
1135 1205 1277 1286 episcopi

138 1311 334 1375 incomitum
355 1309 427 1390 jura
455 1309 680 1373 successissent
702 1316 753 1372 aut
776 1310 912 1371 civitates
937 1309 1106 1390 principum
1135 1309 1277 1371 auetori-

139 1419 208 1477 tate‘
227 1414 375 1481 immunes
403 1430 464 1475 non
493 1412 552 1474 nisi
576 1411 703 1492 imperio
727 1411 902 1491 obedirent,
933 1411 1140 1474 communibus
1170 1411 1276 1491 populi

140 1517 339 1581 conventibus
369 1522 420 1578 aut
446 1515 674 1596 episcopatuum
701 1513 880 1578 defensores
902 1515 1117 1595 praesidebant
1140 1520 1191 1576 aut
1213 1514 1276 1575 im-

139 1620 298 1702 perialium
317 1619 469 1682 civitatum
483 1616 641 1699 praelecti,
665 1618 718 1698 qui
735 1618 892 1698 utriusque
908 1617 1032 1700 generis
1046 1616 1168 1697 judices
1184 1635 1278 1679 com-

33 1764 37 1777 ι
66 1719 70 1727 “
138 1723 222 1788 muni
242 1722 362 1803 nomine
383 1721 545 1801 „advocati
562 1720 734 1801 (Voeptc)’'
759 1720 963 1798 vocabantur3
988 1720 1069 1783 unde
1092 1718 1203 1782 factum
1227 1725 1279 1782 est

139 1834 173 1890 ut
194 1823 357 1908 „advocati
374 1823 543 1906 judicium''
565 1824 773 1904 („Voptdinp,
791 1823 963 1905 jurisdictio
981 1821 1171 1905 vogtejica”)
1195 1822 1278 1885 idem

140 1948 177 1993 ac
192 1927 356 2010 „superior
366 1924 559 2008 jurisdictio”⁴
575 1926 773 2010 significaret,
788 1932 819 1988 et
833 1916 1068 2008 „episcopatus”
1081 1933 1132 1988 aut
1147 1925 1277 2006 „terra”

139 2033 312 2114 promiscue
334 2049 391 2113 pro
414 2029 582 2110 superioris
606 2029 738 2110 cujusvis
761 2029 983 2109 jurisdictionis
1006 2029 1160 2092 territorio
1184 2028 1278 2091 diee-

138 2140 234 2198 relur.
268 2133 354 2196 lluuc
372 2131 517 2212 loquendi
538 2150 654 2196 morem
676 2132 786 2211 ubique
808 2131 874 2194 sere
897 2132 926 2193 in
948 2132 1006 2195 illis
1030 2132 1177 2212 capitibus
1201 2150 1279 2195 ser-

139 2243 241 2300 vatum
276 2236 461 2317 reperimuS,
500 2254 579 2316 quae
612 2235 690 2318 legis
725 2234 933 2316 Bajuariorum
968 2235 1058 2297 titulis
1094 2243 1280 2318 argumento

140 2339 340 2419 conveniunt,
368 2339 460 2402 unde
476 2354 531 2419 par
559 2345 606 2401 est
635 2336 764 2400 credere
794 2346 890 2400 ortam
913 2355 984 2400 esse
1006 2337 1085 2400 hanc
1107 2338 1277 2402 bavaricae

140 2443 328 2506 collectionis
350 2448 466 2523 partem
487 2441 517 2502 in
540 2439 634 2502 libera
659 2449 710 2502 aut
732 2440 900 2522 episcopali
924 2442 1022 2521 aliqua
1045 2441 1180 2522 civitate,
1203 2440 1279 2506 Au·-

138 2552 271 2628 guotuua
293 2543 430 2622 forsitan,
453 2549 504 2607 aut
526 2543 608 2623 quod
631 2544 729 2606 malim
752 2543 975 2609 Ratisbonensi.

224 2647 257 2710 ln
280 2647 336 2710 illis
360 2655 459 2711 autem
483 2646 646 2727 capitibus,
676 2665 755 2727 quae
784 2646 931 2730 singulari
961 2647 1079 2710 cuidam
1105 2648 1221 2713 libello*
1235 2650 1277 2713 de

70 2754 77 2765 '
134 2750 298 2832 judiciario
317 2751 424 2814 ordine
440 2751 615 2849 deprompta
637 2766 706 2812 esse
730 2751 878 2832 suspicor,
902 2756 932 2812 et
954 2749 984 2813 in
1003 2751 1080 2832 juris
1104 2753 1278 2815 communis

137 2854 209 2917 libri
231 2853 395 2936 posteriori
422 2860 505 2934 parte
534 2852 711 2933 plerumque
734 2871 796 2915 non
818 2853 1027 2932 „advocatus”
1051 2855 1107 2918 sed
1129 2854 1276 2936 „judex”

137 2965 190 3021 aut
211 2963 335 3037 „terrae
354 2953 471 3036 judex”
494 2955 643 3034 occurrit,
670 2955 752 3034 quod
774 2957 856 3036 prius
880 2958 1026 3041 generale
1050 2965 1114 3037 est,
1144 2958 1276 3022 alterum

137 3059 370 3140 vero-pertinet
395 3057 433 3120 ad
455 3066 571 3137 terras,
601 3075 726 3138 quarum
756 3059 834 3139 apud
863 3060 973 3142 duces,
1002 3061 1130 3125 comites
1154 3062 1276 3127 aliosve

137 3163 256 3244 imperii
277 3178 426 3244 proceres
447 3160 615 3243 jurisdictio
638 3169 713 3225 erat.

223 3264 341 3328 Deinde
363 3262 527 3328 notandum
555 3271 602 3326 est
629 3265 658 3327 in
680 3262 889 3345 bajuariorum
916 3267 986 3351 lege
1008 3267 1133 3349 triplicis
1157 3271 1275 3333 condi-

137 3367 227 3434 tionis
254 3368 405 3449 homines,
434 3367 541 3448 qubus
571 3366 610 3430 ad
637 3367 779 3448 placitum
809 3369 978 3434 constitutis
1012 3371 1118 3435 diebus
1149 3390 1275 3434 conve·

137 3472 280 3537 niendum
305 3478 373 3535 erat
395 3470 536 3554 distingui
558 3488 603 3535 so.
626 3471 753 3552 primum
776 3473 880 3554 „regis
904 3473 1034 3538 vassos’'
1058 3475 1079 3538 i.
1102 3492 1130 3537 e.
1152 3475 1276 3556 imperii

136 3592 310 3658 proceres,
335 3574 386 3656 qui
412 3579 446 3637 ut
472 3572 539 3654 ejus
567 3574 673 3638 aetatis
700 3592 786 3638 more
813 3575 931 3655 loquar·
950 3577 1015 3656 „ad
1045 3595 1151 3660 regern
1181 3587 1277 3661 eaput

136 3677 313 3759 tenebant”,
337 3675 446 3740 deinde
468 3674 575 3757 „ducis
598 3676 728 3741 vassos’'
750 3678 770 3741 i.
786 3696 815 3739 e.
839 3696 894 3742 eos
918 3680 969 3760 qui
985 3675 1086 3760 ¹primo
1109 3681 1139 3743 in
1163 3682 1274 3745 ordine

139 3833 344 3844 μ-ο--ο--η

216 3917 245 3995 1)
266 3916 418 3990 legendum
438 3923 492 3975 est:
518 3916 601 3990 „biso
621 3936 715 3975 uwene
741 3923 832 3974 satuen
857 3917 927 3974 disiv
946 3919 1008 3976 rebt
1029 3921 1082 3978 vnd
1105 3921 1189 3978 under
1210 3924 1275 3980 rebt

137 4003 181 4071 ein
207 4011 305 4071 michel
329 4012 377 4069 teil
404 4029 437 4070 un
462 4012 546 4069 disem
571 4010 706 4071 buoche.''
745 4012 847 4068 Deinde
872 4015 1011 4085 expunctis
1036 4016 1178 4088 particulis
1197 4019 1273 4089 „rud

136 4104 205 4166 ἀεί’
231 4107 325 4181 procul
350 4106 432 4164 dubio
458 4107 520 4164 olim
551 4108 679 4180 scriptum
705 4113 777 4163 erat:
814 4103 964 4178 „legelich
991 4109 1201 4167 cristenmeusob
1228 4114 1273 4169 sol

136 4201 251 4262 dristuut
276 4203 303 4260 in
323 4202 383 4259 dem
403 4202 460 4262 iuro
483 4202 533 4284 daz
552 4201 699 4276 vogetdinc
721 4187 828 4258 stetten.
856 4217 888 4261 so
913 4219 944 4258 er
970 4203 1075 4261 uesiueu
1101 4205 1178 4262 iareu
1204 4207 1272 4264 vol-

136 4296 277 4360 leobomeo
295 4297 330 4356 ist
349 4295 422 4357 ote.”
