2722 4898
557 352 794 420 ..133-

113 530 224 597 sdmitti
241 535 346 594 contra
365 529 487 593 liberae
497 529 651 594 conditio-

10 693 17 702 .
112 637 157 699 nis
179 633 316 698 homines
329 637 372 708 ¹).

171 740 276 812 Caput
298 736 362 794 279.
403 737 442 792 De
466 732 596 809 fructibus
617 751 651 790 ex
754 735 813 790 Art.
833 732 894 790 ¹21.
926 733 1026 815 „Sacer
1045 734 1096 790 des
1117 735 1249 790 anderen

112 834 200 890 alieno
226 820 286 890 solo
310 849 325 888 a
344 832 431 887 bonae
456 830 518 886 fidei
538 846 650 904 posses·
703 828 763 885 tant
782 812 961 887 onwiasendc
981 835 1049 885 eret.
1071 828 1110 884 dc
1125 845 1161 886 oe
1181 828 1247 885 ool-

110 945 172 986 sore
197 927 343 1001 perceptis.
387 925 463 983 Conl.
487 941 555 997 quae
581 922 650 980 inira
702 931 750 998 pet
769 923 871 995 nioben
888 923 999 983 annot
1019 917 1087 979 aa.”
1194 980 1200 989 ,

110 1022 200 1081 notavi
221 1002 257 1079 ad
278 1027 359 1095 caput
378 1019 443 1080 281.
753 1019 853 1089 „Sacer
869 1017 938 1076 eber
957 1019 1017 1081 leot
1036 1025 1098 1086 eret
1116 1018 1173 1074 dea
1194 1017 1248 1074 ber

701 1131 762 1188 ponc
791 1113 910 1188 sucepit.
947 1114 1011 1169 wirt
1039 1113 1067 1169 ia
1096 1129 1160 1186 prae
1191 1110 1248 1168 abc

627 1240 630 1251 ,
700 1226 853 1282 peccamen
872 1209 922 1265 mit
941 1208 1047 1265 rccbtc.
1068 1207 1121 1264 ber
1136 1213 1199 1264 aaut
1217 1207 1247 1261 iz

702 1300 856 1362 besscrcn’'
867 1308 904 1374 Ι).

169 1401 288 1482 Caput
310 1399 384 1465 280.
420 1399 476 1473 Qui
497 1399 527 1461 in
551 1398 650 1461 alieno
755 1400 843 1475 „Hor
860 1405 924 1462 mot
946 1397 1003 1462 oclt
1020 1401 1082 1463 mol
1093 1399 1246 1480 pbonden

111 1503 202 1568 lando
221 1500 431 1585 deprehensus
454 1501 492 1566 ob
512 1501 649 1564 damnum
702 1504 801 1584 oppbe
818 1505 894 1566 sime
913 1504 1005 1566 lande
1025 1504 1126 1578 [deme
1142 1500 1201 1566 de'r
1214 1504 1247 1565 ia

110 1608 150 1670 ibi
179 1608 278 1671 datum
306 1607 415 1691 pignus
443 1606 510 1687 capi
539 1606 650 1670 nolue-
703 1610 792 1687 eret]
810 1627 869 1669 ane
884 1609 939 1670 des
954 1607 1108 1673 rielderes
1123 1606 1244 1688 orlopb.

111 1713 158 1790 rit,
186 1711 225 1774 ob
247 1711 490 1791 impedimentum
512 1711 650 1793 pignoris
704 1710 818 1786 [doceb
841 1711 901 1774 dos
929 1711 986 1775 ber
1007 1711 1131 1775 recides
1155 1709 1246 1774 mede

110 1814 242 1895 captioni
260 1814 371 1878 iactum
390 1815 542 1894 multetur,
565 1812 649 1877 fundi
703 1814 917 1890 bebomc]”³).

110 1937 314 1945 ———-—-——-—-—=

189 1994 219 2064 l)
246 1994 357 2052 Fallitur
383 1995 525 2052 saxom'cus
556 1993 675 2068 scriptor
704 1996 810 2069 imperii
840 1995 937 2052 milites
962 2010 1016 2052 non
1042 1995 1186 2052 admittens
1211 1995 1246 2052 ad

109 2089 261 2148 testimonia
286 2089 399 2146 dicenda
425 2090 452 2146 in
477 2089 636 2163 capitalibus
663 2091 750 2147 causis
776 2092 910 2163 equestris
930 2090 1068 2162 dignitatis
1090 2091 1245 2162 bominum3

110 2187 239 2259 deceptus
253 2184 326 2256 quod
345 2185 372 2240 in
392 2184 513 2242 bavarici
534 2186 588 2242 loci
607 2186 741 2259 principio
759 2187 1004 2260 juncti-leguntur:
1026 2187 1105 2258 „dea
1125 2186 1244 2242 ricbcs

111 2281 321 2338 dienestman
342 2279 406 2336 und
426 2280 485 2336 der
509 2278 660 2338 livrsten
684 2280 927 2342 dienestman.''
968 2282 1023 2338 Sed
1042 2299 1097 2340 non
1117 2281 1246 2339 animad-

110 2376 192 2434 vertit
217 2375 344 2449 deinceps
369 2375 501 2448 scriptum
526 2393 599 2433 esse:
629 2378 720 2448 „aber
748 2378 800 2434 die
826 2377 989 2435 dieaestnan
1016 2377 1071 2434 dic
1100 2378 1245 2435 hie-sor

111 2477 282 2544 genennet
308 2467 408 2542 sint”,
438 2471 456 2529 i.
478 2488 501 2527 e.
528 2472 568 2528 illi
597 2472 808 2537 ministerialium
837 2473 973 2531 bominum
999 2489 1112 2546 qnorum
1143 2472 1246 2531 mentio

109 2548 232 2642 proxime
252 2566 321 2623 bunc
341 2565 431 2623 locum
455 2567 612 2638 antecessit,
639 2568 710 2640 qnod
730 2568 878 2642 prudenter
898 2568 1032 2641 adjectum
1053 2574 1104 2646 est,
1119 2584 1159 2645 ‚ne
1175 2584 1246 2641 pro-

110 2663 196 2736 posita
218 2661 344 2743 exceptio
365 2661 557 2719 extenderetur
574 2646 612 2719 ad
623 2663 696 2736 prius
717 2664 867 2721 nominatos
887 2663 994 2739 imperii
1014 2664 1124 2735 milites,
1145 2663 1246 2743 proxi·

109 2775 178 2814 mum
199 2759 225 2814 in
245 2756 354 2814 militari
375 2754 505 2831 dignitate
526 2765 587 2832 post
607 2756 742 2832 principes
762 2759 852 2816 locum
872 2759 1031 2817 obtinentes.

188 2851 219 2921 2)
243 2852 352 2909 Rectius
371 2851 493 2908 bavarici
512 2852 575 2909 libri
596 2853 725 2909 sententia
747 2852 773 2910 in
794 2870 965 2927 quoscunque
986 2854 1072 2910 molae
1092 2854 1157 2912 lidei
1177 2870 1247 2927 pos-

111 2963 233 3005 sessores
259 2929 391 3018 concepta
413 2944 470 3018 est,
497 2947 601 3004 verbis:
635 2948 725 3018 „vnde
751 2955 824 3005 erret
850 2965 881 3006 er
907 2966 938 3005 ez
964 2966 1001 3006 ze
1027 2950 1174 3006 vnrebte
1200 2949 1248 3006 nait

111 3042 253 3100 wisscade.
276 3046 306 3098 e'r
327 3027 386 3098 mair
401 3029 504 3098 baiesen
521 3042 598 3098 dean·
612 3042 661 3099 dez
679 3044 728 3099 daz
747 3044 802 3100 lant
822 3043 865 3100 ist.
887 3044 957 3100 vnde
978 3045 1048 3101 oucb
1068 3044 1129 3101 dem
1150 3044 1246 3101 rmter.

112 3136 163 3194 arou
182 3137 229 3193 bat
244 3137 319 3194 »doclr
339 3137 379 3194 sin
400 3137 488 3194 arbeit
507 3137 648 3195 verlorn.''
678 3138 806 3195 saxonici
826 3138 889 3196 libri
904 3138 1082 3197 differentiam
1104 3139 1247 3197 crederem

112 3238 198 3289 ortam
219 3249 278 3289 esse
297 3232 395 3306 partim
416 3250 451 3290 ex
472 3233 605 3289 vocabulo
625 3251 676 3306 „ne
697 3230 838 3304 vnrebte”,
864 3235 961 3307 partim
981 3252 1016 3291 ex
1035 3249 1085 3306 eo,
1105 3234 1180 3308 quod
1200 3233 1246 3290 di-

113 3329 182 3384 citur
203 3329 289 3385 malae
309 3328 371 3385 lidei
393 3344 574 3402 possessorem
598 3330 722 3386 mulctam
743 3329 952 3402 quoque‘judici
973 3330 1130 3388 solvendam
1151 3331 1244 3386 incur·

111 3441 189 3495 rere,
215 3424 285 3482 unde
306 3424 428 3481 inductus
449 3431 489 3481 est
509 3425 652 3482 saxonicus
679 3425 812 3499 scriptor,
829 3431 867 3481 ‘ut
893 3425 1009 3483 relerret
1034 3426 1194 3483 sententiata
1213 3422 1247 3481 ad

111 3519 213 3576 fructus
233 3526 324 3594 spreta
341 3520 441 3592 judicis
462 3520 622 3577 auctoritate
643 3527 803 3594 perceptos,
823 3521 888 3577 licet
907 3528 998 3579 notum
1018 3521 1145 3579 estnihil
1166 3526 1246 3577 acto·

112 3632 157 3671 res
177 3616 240 3672 olim
265 3631 369 3689 poenae
394 3616 500 3672 nomine
528 3622 686 3672 consecutos
712 3633 785 3687 esse,
811 3616 856 3673 ubi
882 3633 934 3674 non
956 3623 983 3673 et
1005 3616 1090 3688 judici
1112 3617 1211 3673 mulcta
1231 3630 1245 3669 a

113 3711 186 3768 victo
207 3711 334 3767 solvenda
356 3712 534 3784 competebat.

179 3804 222 3873 b)
250 3805 399 3862 Saronicus
426 3807 545 3879 scriptor
565 3806 635 3862 hunc
654 3807 742 3864 locum
762 3807 789 3863 in
809 3822 886 3863 unam
908 3806 1064 3864 sententiam
1084 3806 1247 3864 contrahens

114 3914 173 3958 cunr
189 3908 353 3973 argumento
369 3901 557 3975 praecedentis
579 3902 682 3975 capitis·
703 3903 775 3975 qnod
795 3919 848 3959 non
862 3902 930 3959 vidit
945 3909 1033 3959 ortum
1050 3919 1108 3959 esse
1129 3920 1166 3960 ex
1184 3906 1248 3959 non

114 3997 286 4070 quae⁵capiti
307 3996 410 4053 demum
430 3997 481 4053 281
504 3998 686 4070 subjungenda
706 3999 807 4069 luisset,
828 3998 936 4055 silentio
955 3998 1107 4072 praeteriit,
1127 4014 1197 4071 qnae
1213 3996 1247 4052 de

115 4092 282 4166 probationis
303 4108 382 4149 causa
402 4093 428 4148 in
448 4094 576 4150 bovarico
597 4093 661 4149 loco
679 4093 822 4164 legantur,
848 4095 913 4150 licet
937 4094 981 4149 bic
1001 4110 1036 4149 ex
1055 4092 1178 4149 instituto
1198 4106 1247 4149 ar-

116 4193 302 4258 gumentorum
323 4187 417 4244 ordine
437 4188 602 4261 potissimum
623 4188 746 4260 quaestio
765 4189 791 4244 in
813 4204 847 4244 eo
867 4189 1039 4259 vertebatur,
1065 4204 1099 4244 an
1118 4187 1248 4261 impedita

115 4282 237 4356 pignoris
257 4283 375 4356 capione
391 4284 511 4340 deterior
531 4282 602 4340 lacta
622 4282 655 4340 sit
677 4283 776 4340 domini
799 4283 1003 4357 conditio‚·oai
1024 4283 1058 4340 de
1078 4281 1177 4340 damno
1197 4281 1249 4338 sibi

117 4379 179 4438 dato
199 4394 249 4456 per
270 4385 377 4455 captum
396 4379 492 4455 pignus
512 4379 680 4456 probandum
699 4385 766 4438 erat.
1145 4389 1152 4401 '
1242 4384 1245 4391 '
