2722 4898
620 369 856 434 -104-

171 548 231 606 tem
254 542 374 626 longius
398 561 416 606 a
437 543 582 606 saxonica
604 543 824 606 consuetudine
848 542 1040 621 recederent,
1064 540 1173 622 rejecit
1190 539 1308 622 primus

172 647 310 710 saxonici
332 646 433 728 operis
457 652 579 725 auctor,
610 647 763 726 posterior
785 654 884 710 autem
912 663 1019 710 manus
1041 645 1072 708 in
1094 644 1162 707 libri
1185 663 1308 726 appen-

173 750 271 814 dicem
292 749 403 814 rotulit.

533 886 537 891 ’
647 890 861 1028 xxrx(

256 1092 410 1160 Exhausto
433 1102 572 1177 notarum
595 1097 651 1159 ista
676 1097 779 1178 copia,
809 1113 888 1176 quae
911 1094 1062 1158 curiosius
1085 1112 1158 1158 mox
1181 1095 1308 1157 exami-

171 1201 272 1264 nanda
301 1200 388 1263 nobis
416 1199 489 1278 erit,
520 1206 627 1279 quarta
650 1200 801 1262 'lancredi
823 1217 895 1279 pars
925 1199 1090 1263 absolvitur
1113 1197 1267 1278 capitibus
1292 1217 1309 1261 a

172 1305 337 1371 centesimo
361 1303 584 1384 septuagesimo
608 1302 745 1366 secundo
768 1320 865 1382 usque
892 1303 931 1364 ad
954 1308 1045 1381 caput
1067 1299 1307 1364 ducentesimum

172 1407 331 1485 decimum,
355 1424 482 1486 quorum
504 1406 601 1487 major
623 1414 723 1469 tamen
745 1424 816 1488 pars
841 1406 1008 1486 (capitibus
1033 1402 1231 1479 174-205)
1256 1405 1308 1466 in-

172 1516 284 1573 sertum
309 1509 347 1570 de
369 1509 584 1572 maleficiorum
607 1511 713 1590 poenis
737 1516 896 1572 tractatum
921 1490 1059 1571 exhibet.⁸

258 1612 324 1685 Ouo
346 1612 452 1675 melius
469 1613 625 1682 Taneredo
645 1613 833 1676 conveniens
846 1611 1002 1693 judiciarii
1020 1611 1111 1673 libelli
1129 1612 1207 1675 ordo
1226 1631 1306 1693 per-

171 1715 313 1796 spiciatur
341 1715 467 1797 primum
495 1715 545 1777 hic
576 1716 711 1795 reliquos
741 1723 866 1801 quartae
893 1715 988 1797 partis
1018 1715 1119 1778 titulos
1148 1715 1307 1795 indicabo,

172 1819 337 1881 subnotatis
360 1818 496 1883 bavarici
519 1823 631 1881 tantum
652 1819 723 1880 libri
743 1819 889 1899 capitibus
908 1837 1036 1898 quorum
1059 1817 1155 1880 simile
1178 1825 1309 1900 apparet

171 1929 379 2004 argumentum
402 1938 488 2000 esse3
513 1921 621 1984 deinde
638 1940 712 1984 vero
731 1923 906 1986 continuum
919 1918 1061 1984 'bavarici
1078 1920 1148 1982 libri
1167 1921 1307 1984 ordinem

169 2031 278 2089 tenens
307 2024 434 2106 singulis
463 2025 528 2105 ejus
558 2025 704 2106 capitibus
732 2043 925 2106 componam,
955 2044 1033 2104 quae
1063 2025 1093 2086 in
1124 2025 1308 2088 saxonicum

168 2125 275 2189 librum
302 2127 373 2189 inde
402 2127 562 2207 translata,
593 2146 732 2207 quaeque
762 2146 841 2192 nova
872 2148 889 2190 a
916 2129 1071 2192 saxonicis
1100 2127 1306 2208 scriptoribus

171 2229 289 2310 adjecta
310 2230 513 2310 reperiuntur.
590 2212 591 2219 ἵ

256 2332 409 2395 Pertinent
432 2333 470 2395 ad
492 2333 642 2395 Tancredi
667 2333 785 2397 titulos:

317 2429 352 2501 ll.
376 2449 453 2521 quac
474 2431 627 2504 sententia
648 2430 715 2520 ipso
731 2432 802 2523 jure
824 2433 867 2506 sit
888 2432 980 2522 nuda,

374 2538 510 2601 bavarici
531 2540 600 2602 libri
623 2547 713 2621 caput
732 2538 792 2602 172
811 2558 908 2620 usque
927 2541 966 2604 ad
985 2540 1095 2605 verba:
1122 2557 1181 2620 „so
1207 2542 1255 2604 sol
1278 2543 1306 2604 ie

375 2641 425 2704 div
448 2644 542 2705 minre
565 2643 668 2726 mangi
692 2642 747 2727 der
769 2662 890 2707 merren
914 2640 1064 2726 volgen”;

302 2739 349 2812 lll.
375 2757 434 2831 quo
455 2740 587 2813 remedio
608 2740 710 2813 ualida
730 2741 883 2814 sententia
904 2741 1087 2829 sublevetur,

374 2848 510 2912 bavarici
532 2849 600 2912 libri
623 2857 713 2931 caput
738 2849 798 2914 172
822 2870 838 2912 a
860 2850 978 2913 uerbis:
1007 2849 1055 2928 „si
1077 2849 1202 2913 niebent
1225 2852 1306 2915 ovcb

374 2951 402 3013 ir
423 2952 511 3015 vrteil
533 2953 594 3015 wol
622 2971 660 3013 an
685 2951 744 3015 den
772 2953 921 3017 boebern‘
937 2951 1059 3016 rihter”
1088 2960 1119 3015 et
1148 2953 1305 3038 integnmm

375 3061 464 3135 caput
485 3052 562 3133 1733

304 3149 349 3224 ll.
374 3150 412 3223 de
434 3152 629 3225 exsecutione
652 3153 828 3242 sentcntiae,

374 3259 511 3350 bavarici
532 3260 602 3323 libri
624 3268 712 3343 caput
730 3263 792 3325 206
804 3264 853 3340 1);

315 3357 348 3430 l.
373 3357 411 3429 de
432 3357 692 3448 appellationibus,

371 3465 508 3528 bavarici
528 3467 597 3529 libri
619 3469 718 3549 capita
740 3465 813 3546 207,
836 3466 915 3545 2083

303 3562 348 3637 lb
372 3561 410 3634 de
431 3562 462 3633 in
482 3562 633 3653 integrum
654 3564 855 3653 restitutione,

371 3670 509 3734 bavarici
531 3672 599 3735 libri
622 3682 711 3756 caput
728 3674 801 3737 211.
874 3759 876 3762 Α

657 3910 807 3981 XXX.

253 4048 333 4110 Ante
356 4050 455 4112 omnia
476 4051 695 4131 expendendae
718 4070 799 4114 nunc
821 4059 910 4114 erunt
933 4044 1024 4116 notae
1048 4047 1086 4114 ad
1107 4053 1302 4133 posteriores

167 4149 245 4233 legis
263 4150 480 4234 Bajuariorum
509 4152 624 4234 titulos,
655 4154 764 4234 quibus
793 4173 832 4217 ne
857 4156 936 4238 juris
966 4156 1132 4220 communis
1159 4155 1240 4220 libro
1270 4158 1302 4221 in

226 4363 257 4437 1)
272 4365 376 4425 Omissa
389 4339 634 4441 capitatur-205
645 4368 781 4442 pertinent
793 4368 827 4427 ad
840 4370 930 4430 locum
941 4370 976 4428 de
990 4370 1182 4431 maleficiorum
1193 4373 1302 4449 poenis.
