2722 4898
562 350 798 418 -112-

117 527 216 591 luerit.
259 524 439 606 lnterjcctae
462 528 558 591 semel
585 526 822 591 ministerialium
844 525 996 590 hominum
1020 527 1169 593 mentioni
1191 527 1222 592 de

116 631 241 708 beatur,
272 648 349 709 quae
372 637 533 711 praeterea
556 632 593 695 de
619 632 741 696 diversa
767 631 919 695 hominum
942 631 1117 696 conditione
1139 630 1173 697 iu
1195 650 1222 697 se

119 734 277 814 quentibus
299 734 435 797 bavarici
456 734 523 797 libri
544 736 621 799 locis
644 753 724 798 nunc
746 734 898 818 leguntur.

201 836 309 909 Caput
327 837 381 894 156
401 839 491 894 lita.
524 838 565 893 Ex
585 837 710 910 mancipii
732 853 811 892 causa
832 837 1005 895 manumissos
1020 839 1173 896 liberorum
1188 838 1222 919 pt

118 932 195 1004 bojas
216 932 376 988 conditionis
400 932 535 988 hominum
557 934 619 1004 jura
639 932 774 1002 nancisci,
800 932 987 989 ministeriales
1006 948 1075 988 vero
1098 933 1222 1008 principe

118 1026 214 1082 milites
235 1027 410 1083 manumissos
431 1027 549 1099 equitum
570 1027 684 1100 adipisci
704 1027 909 1098 dignitatem),

195 1123 307 1194 ⁸(laput
330 1112 383 1176 156
404 1121 455 1178 lit.
470 1122 496 1177 b.
534 1122 563 1178 Si
584 1122 684 1178 liberos
704 1121 834 1193 homines,
854 1122 949 1195 quibus
970 1123 1115 1194 praeconis
1135 1123 1222 1181 allicit

118 1216 314 1287 committatur,
334 1231 425 1272 comes
446 1217 490 1272 vel
511 1217 660 1273 ordinarius
676 1216 762 1288 judex
782 1233 835 1273 non
854 1217 968 1287 habeat,
993 1217 1220 1275 nranumittendos

118 1311 284 1383 principibus
301 1328 359 1367 esse
373 1311 480 1367 servilis
493 1311 654 1368 conditionis
668 1300 800 1383 homines,
820 1311 866 1383 qui
882 1306 1076 1382 coiungantur
1094 1321 1222 1370 munere*

204 1404 312 1479 Caput
328 1405 392 1462 151.
423 1405 465 1461 nd
482 1406 578 1479 capitis
596 1398 764 1462 1561011111
786 1423 836 1477 „er
857 1416 916 1462 mac
936 1406 1027 1462 lvrbas
1048 1407 1106 1463 niht
1127 1424 1161 1464 an
1183 1408 1222 1464 sin

120 1501 219 1557 vribeit
238 1498 368 1558 laomen'':

203 1596 254 1663 Qui
276 1613 367 1652 coram
392 1612 445 1653 uno
467 1595 559 1668 judice
580 1595 710 1667 dignitate
736 1613 782 1652 sua
806 1596 945 1653 destitutus
970 1595 1019 1666 111,
1044 1591 1138 1652 'coram
1160 1613 1222 1669 quo·

117 1691 209 1764 judice
231 1709 262 1747 ea
284 1691 436 1747 destitutum
458 1692 571 1747 censeri.

203 1788 270 1857 Res,
290 1786 347 1842 sive
368 1787 464 1859 capitis
483 1787 541 1842 1110
561 1787 692 1848 bonorum
712 1787 832 1858 quaestio
854 1786 950 1856 luerit,
977 1802 1068 1842 coram
1089 1803 1145 1844 uno
1162 1788 1222 1858 judi

14 1882 36 1935 ².
116 1882 246 1952 judicata,
267 1882 489 1953 quemadmodum
509 1898 601 1938 coram
622 1882 676 1937 elic
692 1881 785 1952 judice
804 1881 916 1954 probari
936 1868 1022 1953 possit
1030 1884 1068 1949 ⁸).

11 1930 68 2053 'ff
205 1977 325 2057 Caput
350 1976 418 2040 158.
463 1976 580 2042 Nullam
600 1977 764 2040 liberorum
786 1982 818 2038 et
839 1976 1075 2038 ministerialium
1099 1976 1222 2042 hominu

121 2082 151 2143 in
173 2080 365 2143 hereditariis
388 2083 488 2143 causis
512 2079 710 2143 differentiam
733 2095 819 2158 esse,
850 2085 1062 2161 praeterquam
1086 2082 1175 2160 quod
1199 2082 1222 2146 d

121 2184 290 2246 licicntibos
311 2184 452 2266 legitimis
469 2183 632 2263 heredibus
651 2185 860 2246 intestatorum
878 2183 957 2246 bona
973 2182 1176 2247 beneficiario
1189 2185 1222 2267 ju

121 2304 265 2368 possessa
287 2286 374 2348 exire
397 2287 594 2351 dominorum·
611 2293 789 2366 potestatem
819 2293 990 2366 nequeant,
1019 2304 1078 2348 nec
1103 2287 1222 2368 ejusmc

121 2391 200 2453 bona
223 2391 254 2452 in
278 2390 352 2452 alios
376 2407 465 2470 qoam
488 2389 623 2470 ejusdem
641 2389 754 2453 domini
776 2390 991 2453 ministeriales
1013 2389 1153 2454 homines
1179 2391 1221 2454 ali

122 2513 197 2556 nare
219 2495 318 2558 liceat.
709 2505 713 2511 '

201 2753 231 2823 11
253 2752 336 2808 Minus
355 2758 431 2808 recte
451 2752 594 2808 saxonicus
614 2753 731 2825 scriptor
752 2755 817 2820 (art.
829 2751 899 2820 166)
921 2752 996 2823 regis
1010 2760 1164 2825 quoquest
1179 2755 1223 2828 pri

123 2851 211 2923 cipum
231 2848 404 2904 manumissos
424 2847 610 2903 ministeriales
624 2847 746 2903 homines
766 2848 836 2903 inter
849 2847 971 2919 plebejos
991 2846 1089 2916 refert,
1110 2849 1187 2919 quod
1205 2850 1222 2905 11

123 2961 179 3000 sum
203 2961 264 3000 esse
291 2943 371 2999 docet
397 2959 509 3013 sequens
535 2942 611 2997 locus
638 2941 671 2996 de
694 2941 814 3011 judicum
835 2942 1014 2997 assessoribus
1036 2958 1071 2996 ex
1090 2943 1222 2999 mononis

123 3039 229 3111 imperii
250 3037 376 3092 militibus
397 3035 528 3091 creandis.

201 3132 232 3200 2)
253 3118 296 3186 nl
313 3131 432 3202 judicum
454 3146 612 3200 assessores,
634 3148 700 3202 quos
721 3130 975 3204 inprovincialibus
992 3130 1100 3202 judiciis
1122 3138 1222 3204 equest

124 3227 269 3301 oportebat
294 3243 352 3281 esse
378 3226 531 3297 dignitatis,
558 3226 680 3281 bavarici
707 3227 770 3282 libri
797 3227 881 3282 verba
907 3225 940 3281 de
966 3241 1103 3298 praecone
1131 3227 1222 3284 transl

74 3323 88 3402 ’μ
123 3323 265 3379 saronicus
285 3321 409 3394 scriptor
433 3321 536 3376 verbis:
563 3320 695 3391 „Tzuqeit
722 3322 787 3377 aber
813 3320 862 3376 dor
887 3320 1039 3393 schepbene
1064 3320 1165 3378 binncn
1192 3323 1222 3379 ei

124 3417 309 3492 gravescbeplr
323 3414 388 3472 —-.''

201 3513 232 3582 3)
256 3513 317 3569 Sar.
340 3509 617 3568 1111111111681111
644 3510 874 3584 interpretationis
901 3526 981 3565 causa
1008 3516 1146 3568 monetur:
1174 3512 1198 3568 si
1218 3531 1222 3568 1

125 3626 215 3666 coram
237 3609 290 3664 alio
307 3607 401 3680 judice
417 3605 537 3677 judicata
558 3607 584 3661 in
605 3606 818 3662 controversiam
835 3605 992 3675 deducatur,
1013 3621 1094 3676 quum
1113 3612 1222 3664 extrem

121 3704 206 3777 judex
227 3704 291 3773 cogi
311 3717 363 3758 non
383 3701 484 3774 possit,
509 3706 538 3755 ut
557 3701 598 3756 rei
620 3717 711 3757 coram
732 3707 875 3778 aegeatae
895 3705 976 3756 testes
998 3701 1087 3770 sistat,
1114 3701 1223 3759 mitten<

126 3800 193 3854 duos
215 3813 273 3852 esse
293 3799 409 3867 nuntios,
430 3796 474 3867 qui
495 3802 652 3868 perceptum
674 3812 763 3851 coram
784 3796 831 3851 illo
848 3794 940 3865 judice
961 3795 1003 3850 rei
1019 3797 1222 3866 gestae'testirn

126 3894 196 3948 nium
217 3891 343 3948 referant.

203 3986 345 4059 Hucusque
371 3987 501 4060 a-primo
527 3986 647 4042 saxonici
674 3986 737 4042 libri
764 3985 899 4058 scriptore
926 3985 1117 4059 praetermissa
1139 3987 1222 4043 berar

127 4082 187 4138 libri
210 4081 297 4153 capite
318 4083 344 4137 in
366 4082 542 4155 appendicem
566 4081 650 4136 relate
672 4080 917 4152 quedlinburgense
940 4081 1059 4137 saxonici
1080 4080 1144 4136 libri
1165 4098 1222 4137 exet

34 4162 38 4167 ¹
128 4178 199 4251 plum
221 4176 338 4231 exhibet.
369 4178 444 4232 Nova
461 4185 550 4232 tamea
569 4175 752 4248 supplementa
770 4192 806 4230 ex
824 4175 913 4230 denuo
930 4175 1030 4230 collato
1045 4175 1177 4231 baterico
1191 4177 1222 4232 111

128 4272 220 4327 hausta
242 4271 322 4326 offert
342 4265 369 4326 in
389 4278 444 4329 tres
465 4273 549 4327 libros
570 4271 738 4327 distributum
758 4271 913 4326 saxonicum
934 4270 1087 4344 spasmum,
1108 4286 1195 4342 quae,
1216 4289 1222 4327 1

130 4371 204 4423 cutus
224 4367 360 4425 llomcieri
381 4368 538 4438 editionem,
560 4367 613 4424 suis
633 4365 701 4423 locis
720 4365 854 4424 indicabo.
