2722 4898
548 345 786 412 -109-

129 519 190 579 idem
206 525 360 593 conquestus
384 519 480 592 luerit,
505 519 627 577 similiter
653 518 722 576 diem
749 519 880 593 accipiat,
905 520 1082 596 dominusque
1110 524 1233 596 injuriam

128 633 189 689 passo
205 616 344 673 satisfaciat
364 633 399 673 ex
418 619 523 690 parium
544 617 600 687 ejus
620 615 765 672 sententiis.

190 712 282 768 Damna
303 728 371 782 quae
392 711 444 766 sibi
461 711 575 767 vasallus
596 711 753 766 dominusne
774 712 895 767 nolentes
915 713 957 768 vel
978 713 1030 785 ipsi
1048 714 1172 772 dederint
1189 718 1233 773 vel

127 806 295 862 interveniente
311 806 446 862 sociorum
463 805 540 878 culpa
557 806 704 876 intulerint,
725 807 903 878 unusquisque
920 808 999 863 alteri
1015 816 1144 881 praestet,
1164 828 1232 884 per-

127 900 175 956 idas
190 919 243 958 cam
264 902 299 958 ob
320 917 426 957 causam
447 917 499 956 non
519 901 656 957 habendus
669 904 705 969 ¹).

189 995 290 1069 Caput
312 995 375 1051 153.
411 993 542 1068 Suscepta
563 995 736 1068 expeditione
757 996 780 1051 si
802 994 911 1051 structis
933 997 1035 1053 insidiis
1056 1000 1232 1073 propinquus,

127 1089 223 1146 lonium
242 1106 370 1148 comesve
387 1078 514 1164 impetam
528 1090 599 1164 passi
616 1090 724 1161 luerint,
746 1097 862 1163 excepto
884 1092 941 1163 ejus
962 1093 1141 1164 expeditionis
1161 1096 1233 1152 illius

126 1185 223 1258 principe
246 1184 379 1242 nemiuem
405 1191 450 1240 aut
475 1185 508 1241 de
534 1185 631 1240 damno
656 1185 745 1241 teneri
771 1192 815 1241 aut
841 1186 973 1258 pertidum
1001 1187 1161 1259 existimari,
1187 1190 1233 1262 qui

126 1286 188 1334 senet
198 1279 299 1350 tertius,
320 1286 349 1334 ut
363 1279 462 1350 dicunt,
478 1279 622 1350 juraverit,
643 1280 700 1352 ejus
713 1297 800 1351 neque
815 1295 867 1352 ope
882 1297 969 1353 neque
983 1282 1095 1339 consilio
1110 1284 1231 1339 damnum

126 1370 174 1429 illud
190 1374 272 1431 datum
294 1391 353 1430 esse
364 1380 402 1444 ¹).

189 1468 233 1531 Ad
262 1475 354 1551 caput
379 1469 441 1532 150
469 1470 506 1533 de
536 1470 728 1551 praediorum
758 1470 962 1535 locationibus
991 1469 1155 1537 referenda
1186 1483 1233 1537 est

127 1570 399 1652 observantiuncula,
423 1591 512 1653 quam
535 1572 675 1635 exhibet:

188 1675 289 1750 Caput
310 1676 365 1732 155
391 1676 440 1732 lit.
463 1693 485 1731 a.
532 1676 571 1731 De
597 1676 678 1732 terris
705 1678 811 1732 incultis
838 1678 908 1734 inter
935 1679 1081 1751 partiarios
1109 1681 1232 1753 colonos,

128 1767 158 1836 qui
173 1785 260 1826 norum
280 1771 319 1827 ibi
340 1771 427 1827 vicum
448 1769 572 1841 condant,
594 1770 784 1851 distribuendis
796 1775 830 1840 ³).

188 1864 310 1946 Reliqua
333 1866 467 1947 ejusdem
491 1867 596 1947 capitis
620 1885 690 1947 pars
713 1873 812 1929 nolam
837 1867 981 1946 continet,
1005 1886 1084 1949 quae
1108 1870 1229 1933 videtur

127 1963 249 2049 adscripta
271 1968 366 2033 luisse
382 1968 591 2051 Bajuariorum
609 1970 688 2055 legis
709 1969 798 2050 capiti
821 1969 880 2048 „de
904 1990 942 2033 eo
962 1972 1013 2051 qui
1037 1972 1103 2034 sine
1126 1973 1230 2036 liberis

127 2070 243 2135 noritur’'
266 2073 304 2135 ad
326 2073 545 2156 paragraphum
565 2072 619 2135 lV:

250 2175 368 2253 „onoc
380 2178 409 2239 si
424 2178 557 2238 moritus
575 2185 606 2238 ct
622 2178 732 2239 mulier
746 2178 815 2239 sinc
831 2178 961 2240 berndec
978 2181 1095 2261 mortui
1108 2182 1229 2262 fuerint

250 2287 279 2341 et
300 2281 403 2342 uultus
425 2297 521 2362 usquc
544 2280 586 2342 cd
604 2282 764 2360 septimum
784 2282 917 2360 predum
937 2283 975 2344 de
989 2284 1177 2364 propinquis
1200 2292 1229 2346 et

250 2383 481 2464 quibuscunque
491 2383 678 2463 parentibus
695 2385 865 2461 inuenitur,
889 2393 963 2448 tunc
978 2386 1050 2448 illus
1066 2406 1117 2448 res
1133 2389 1230 2466 fiscus

252 2486 431 2568 adquirat.''

188 2589 335 2652 Observat
358 2607 421 2651 enm
446 2589 483 2651 ad
507 2607 587 2653 rem:

186 2690 298 2774 Caput
315 2691 375 2753 155
394 2693 447 2756 lit.
464 2694 492 2756 b.
526 2693 557 2757 si
573 2694 755 2777 originariae
772 2695 954 2758 conditionis
971 2697 1103 2759 rusticus
1120 2698 1230 2760 obierit

121 2789 196 2856 nullos
218 2797 463 2880 consanguineos
486 2796 618 2860 heredes
641 2797 765 2876 babens,
790 2816 882 2880 agros
906 2799 982 2879 ejuS,
1006 2799 1058 2878 qui
1077 2799 1229 2864 dimidium

120 2897 200 2960 rustici
223 2899 340 2980 praedii
363 2886 481 2963 modum
505 2919 566 2963 non
588 2904 758 2979 excedant,
789 2903 904 2964 reverti
928 2902 965 2964 ad
989 2902 1153 2969 ecclesiam
1179 2911 1229 2966 aut

118 2993 202 3066 laicum
230 3004 400 3083 domiuum,
428 3022 556 3083 quorum
587 3002 746 3067 defunctus
776 3004 980 3086 adscriptitius
1010 3003 1116 3084 fuerit,
1145 3006 1226 3086 quod

118 3117 172 3168 tero
193 3108 318 3188 amplius
347 3108 378 3170 in
401 3107 597 3169 immobilibus
617 3108 709 3170 bonis
736 3107 909 3187 reliquerit,
940 3110 965 3171 si
987 3110 1145 3172 intestatus
1169 3108 1228 3172 de-

117 3210 238 3290 cesserit,
268 3210 423 3292 pertinere
453 3209 490 3271 ad
519 3228 587 3272 eum
615 3211 664 3273 cui
688 3211 841 3274 ordinaria
863 3213 923 3274 loci
941 3212 1115 3293 jurisdictio
1139 3231 1228 3275 com-

118 3329 300 3349 'N-———--

173 3406 201 3477 1)
222 3408 286 3465 Sax.
309 3408 377 3464 liber
398 3406 462 3463 loco
483 3407 527 3463 cit.
551 3407 653 3463 verbis:
679 3408 742 3477 „lle
765 3416 836 3463 cumt
862 3409 910 3463 her
931 3408 1020 3481 uppbe
1047 3408 1120 3463 sinen
1142 3409 1224 3463 scba-

114 3490 151 3554 len
167 3502 236 3558 nicbt
250 3499 316 3559 -.”

170 3597 200 3666 2)
221 3597 284 3661 San.
306 3598 375 3653 liber
401 3599 462 3654 loco
489 3598 533 3653 cit.
561 3596 665 3653 verbis:
700 3599 802 3667 „Swnr
830 3600 895 3655 aber
922 3616 974 3667 eyn
1000 3614 1057 3653 man
1086 3598 1113 3652 in
1140 3614 1225 3667 eyner

112 3685 166 3744 reite
183 3692 205 3746 is
221 3689 288 3762 -”,
316 3692 362 3748 ubi
386 3699 475 3748 tamen
502 3692 580 3764 culpa
606 3708 792 3765 quemcunque
820 3709 918 3749 vacare
945 3693 1057 3761 dicitur,
1083 3692 1128 3764 qui
1154 3694 1225 3748 solus

109 3774 262 3854 ltrejnrando
289 3786 477 3857 affirmaverit,
503 3787 560 3857 ejus
587 3803 673 3857 neque
699 3802 751 3859 cpe
776 3805 862 3860 oeque
883 3787 998 3843 consilio
1018 3787 1144 3858 impetum
1166 3804 1224 3843 esse

113 3869 197 3937 lactum.

169 3974 199 4044 3)
219 3977 284 4033 Sax.
305 3976 368 4032 libri
389 3960 438 4032 art.
456 3976 511 4033 164
532 3978 636 4034 verbis:
665 3976 765 4046 „Swar
786 3978 890 4047 gebnre
916 3993 969 4046 eyn
990 3976 1076 4050 dorpb
1103 3979 1224 4034 beseleet

112 4072 149 4120 tto
166 4070 259 4126 wilder
281 4072 419 4126 wurzelen
434 4073 498 4126 -.“’
539 4073 617 4127 Plura
644 4087 711 4142 quae
739 4072 859 4126 vicorum
881 4073 943 4142 jara
968 4079 1090 4145 spectant
1116 4071 1222 4127 studio-

111 4151 150 4211 sinn
167 4166 302 4236 congessit
328 4167 468 4222 saxonicus
495 4168 612 4239 scriptor
639 4166 672 4220 ad
696 4166 765 4221 bunc
787 4167 890 4235 locum,
917 4168 963 4237 qui
990 4167 1144 4222 bavaricam
1170 4181 1222 4222 non

109 4243 245 4325 irrepsisset
261 4260 369 4330 librum,
388 4261 440 4316 uisi
458 4262 491 4316 de
508 4261 642 4334 partiariis
663 4260 767 4318 colonis
783 4260 931 4316 disserendi
951 4263 1119 4319 occasionem
1136 4278 1221 4335 prae-

111 4337 191 4407 bunost
209 4353 330 4425 ejusdem
351 4355 415 4415 libri
435 4361 516 4428 caput
535 4356 568 4413 de
589 4371 717 4428 annorum
737 4355 921 4413 locationibus.
