<?xml version="1.0" encoding="UTF-8"?>
<!DOCTYPE html PUBLIC "-//W3C//DTD XHTML 1.0 Transitional//EN"
    "http://www.w3.org/TR/xhtml1/DTD/xhtml1-transitional.dtd">
<html xmlns="http://www.w3.org/1999/xhtml" xml:lang="en" lang="en">
 <head>
  <title>
</title>
<meta http-equiv="Content-Type" content="text/html;charset=utf-8" />
  <meta name='ocr-system' content='tesseract 3.04.00' />
  <meta name='ocr-capabilities' content='ocr_page ocr_carea ocr_par ocr_line ocrx_word'/>
</head>
<body>
  <div class='ocr_page' id='page_1' title='image "./desaxonicispecu00danigoog_0254.png"; bbox 0 0 2722 4898; ppageno 0'>
   <div class='ocr_carea' id='block_1_1' title="bbox 509 349 739 416">
    <p class='ocr_par' dir='ltr' id='par_1_1' title="bbox 509 349 739 416">
     <span class='ocr_line' id='line_1_1' title="bbox 509 349 739 416; baseline 0 -19"><span class='ocrx_word' id='word_1_1' title='bbox 509 349 739 416; x_wconf 72' lang='lat'>..249-</span> 
     </span>
    </p>
   </div>
   <div class='ocr_carea' id='block_1_2' title="bbox 57 519 694 708">
    <p class='ocr_par' dir='ltr' id='par_1_2' title="bbox 57 519 694 708">
     <span class='ocr_line' id='line_1_2' title="bbox 57 519 600 605; baseline -0.002 -18"><span class='ocrx_word' id='word_1_2' title='bbox 57 539 172 605; x_wconf 92' lang='lat' dir='ltr'><strong>poena,</strong></span> <span class='ocrx_word' id='word_1_3' title='bbox 184 540 240 605; x_wconf 91' lang='lat' dir='ltr'><strong>per</strong></span> <span class='ocrx_word' id='word_1_4' title='bbox 252 520 391 587; x_wconf 90' lang='lat' dir='ltr'><strong>comitem</strong></span> <span class='ocrx_word' id='word_1_5' title='bbox 403 519 500 587; x_wconf 82' lang='lat' dir='ltr'>Rheni</span> <span class='ocrx_word' id='word_1_6' title='bbox 511 522 600 604; x_wconf 89' lang='lat' dir='ltr'><strong>pala-</strong></span> 
     </span>
     <span class='ocr_line' id='line_1_3' title="bbox 59 626 694 708; baseline 0.003 -20"><span class='ocrx_word' id='word_1_7' title='bbox 59 627 156 689; x_wconf 91' lang='lat' dir='ltr'><strong>tinum</strong></span> <span class='ocrx_word' id='word_1_8' title='bbox 168 626 224 690; x_wconf 92' lang='lat' dir='ltr'><strong>sub</strong></span> <span class='ocrx_word' id='word_1_9' title='bbox 235 627 463 708; x_wconf 88' lang='lat' dir='ltr'><strong>proscriptionis</strong></span> <span class='ocrx_word' id='word_1_10' title='bbox 475 627 601 708; x_wconf 88' lang='lat' dir='ltr'><strong>praeju-</strong></span> <span class='ocrx_word' id='word_1_11' title='bbox 690 634 694 641; x_wconf 88' lang='lat'>&#39;</span> 
     </span>
    </p>
   </div>
   <div class='ocr_carea' id='block_1_3' title="bbox 55 847 1191 3190">
    <p class='ocr_par' dir='ltr' id='par_1_3' title="bbox 56 847 1190 2054">
     <span class='ocr_line' id='line_1_4' title="bbox 56 847 1188 922; baseline 0 -17"><span class='ocrx_word' id='word_1_12' title='bbox 56 849 145 905; x_wconf 87' lang='lat' dir='ltr'><strong>leriae</strong></span> <span class='ocrx_word' id='word_1_13' title='bbox 171 849 339 920; x_wconf 83' lang='lat' dir='ltr'><strong>celebraret,</strong></span> <span class='ocrx_word' id='word_1_14' title='bbox 365 855 494 906; x_wconf 87' lang='lat' dir='ltr'><strong>evocatos</strong></span> <span class='ocrx_word' id='word_1_15' title='bbox 520 865 554 906; x_wconf 92' lang='lat' dir='ltr'><strong>eo</strong></span> <span class='ocrx_word' id='word_1_16' title='bbox 579 849 731 922; x_wconf 73' lang='lat' dir='ltr'><strong>principes,</strong></span> <span class='ocrx_word' id='word_1_17' title='bbox 756 848 801 920; x_wconf 92' lang='lat' dir='ltr'><strong>qni</strong></span> <span class='ocrx_word' id='word_1_18' title='bbox 826 854 914 907; x_wconf 87' lang='lat' dir='ltr'><strong>tamen</strong></span> <span class='ocrx_word' id='word_1_19' title='bbox 940 847 1020 921; x_wconf 88' lang='lat' dir='ltr'><strong>pauci</strong></span> <span class='ocrx_word' id='word_1_20' title='bbox 1046 847 1188 905; x_wconf 81' lang='lat' dir='ltr'><strong>admodum</strong></span> 
     </span>
     <span class='ocr_line' id='line_1_5' title="bbox 57 943 1189 1018; baseline -0.001 -18"><span class='ocrx_word' id='word_1_21' title='bbox 57 950 204 1015; x_wconf 84' lang='lat' dir='ltr'><strong>venerant,</strong></span> <span class='ocrx_word' id='word_1_22' title='bbox 225 950 340 1018; x_wconf 89' lang='lat' dir='ltr'><strong>accepto</strong></span> <span class='ocrx_word' id='word_1_23' title='bbox 361 960 453 1001; x_wconf 89' lang='lat' dir='ltr'><strong>eornm</strong></span> <span class='ocrx_word' id='word_1_24' title='bbox 468 944 646 1015; x_wconf 76' lang='lat' dir='ltr'><strong>jurejurando</strong></span> <span class='ocrx_word' id='word_1_25' title='bbox 665 943 827 1014; x_wconf 72' lang='lat' dir='ltr'>obstrinxit,</span> <span class='ocrx_word' id='word_1_26' title='bbox 846 949 946 1000; x_wconf 85' lang='lat' dir='ltr'><strong>utnon</strong></span> <span class='ocrx_word' id='word_1_27' title='bbox 967 943 1047 998; x_wconf 86' lang='lat' dir='ltr'><strong>alium</strong></span> <span class='ocrx_word' id='word_1_28' title='bbox 1066 949 1130 1015; x_wconf 87' lang='lat' dir='ltr'><strong>post</strong></span> <span class='ocrx_word' id='word_1_29' title='bbox 1149 959 1189 1012; x_wconf 86' lang='lat' dir='ltr'><strong>se,</strong></span> 
     </span>
     <span class='ocr_line' id='line_1_6' title="bbox 58 1037 1188 1111; baseline 0 -17"><span class='ocrx_word' id='word_1_30' title='bbox 58 1055 139 1111; x_wconf 90' lang='lat' dir='ltr'><strong>qnam</strong></span> <span class='ocrx_word' id='word_1_31' title='bbox 164 1039 247 1095; x_wconf 86' lang='lat' dir='ltr'><strong>filinm</strong></span> <span class='ocrx_word' id='word_1_32' title='bbox 272 1040 344 1109; x_wconf 88' lang='lat' dir='ltr'><strong>ejns,</strong></span> <span class='ocrx_word' id='word_1_33' title='bbox 369 1037 558 1094; x_wconf 82' lang='lat' dir='ltr'><strong>Conradnm</strong></span> <span class='ocrx_word' id='word_1_34' title='bbox 582 1038 705 1110; x_wconf 89' lang='lat' dir='ltr'><strong>nomine,</strong></span> <span class='ocrx_word' id='word_1_35' title='bbox 730 1054 824 1109; x_wconf 78' lang='lat' dir='ltr'><strong>regem</strong></span> <span class='ocrx_word' id='word_1_36' title='bbox 849 1037 900 1094; x_wconf 92' lang='lat' dir='ltr'><strong>sibi</strong></span> <span class='ocrx_word' id='word_1_37' title='bbox 925 1037 1059 1108; x_wconf 73' lang='lat' dir='ltr'><strong>eligerent</strong></span> <span class='ocrx_word' id='word_1_38' title='bbox 1084 1038 1188 1104; x_wconf 82' lang='lat' dir='ltr'><strong>(bamb.</strong></span> 
     </span>
     <span class='ocr_line' id='line_1_7' title="bbox 58 1131 1189 1203; baseline -0.003 -14"><span class='ocrx_word' id='word_1_39' title='bbox 58 1133 202 1190; x_wconf 85' lang='lat' dir='ltr'><strong>Scbafnab.</strong></span> <span class='ocrx_word' id='word_1_40' title='bbox 226 1132 259 1189; x_wconf 92' lang='lat' dir='ltr'><strong>ad</strong></span> <span class='ocrx_word' id='word_1_41' title='bbox 285 1132 463 1200; x_wconf 83' lang='grc'>1111016).</span> <span class='ocrx_word' id='word_1_42' title='bbox 509 1133 604 1189; x_wconf 87' lang='lat' dir='ltr'><strong>Postea</strong></span> <span class='ocrx_word' id='word_1_43' title='bbox 629 1138 702 1202; x_wconf 90' lang='lat' dir='ltr'><strong>(ann.</strong></span> <span class='ocrx_word' id='word_1_44' title='bbox 724 1132 828 1203; x_wconf 80' lang='lat'><strong>1099),</strong></span> <span class='ocrx_word' id='word_1_45' title='bbox 858 1132 982 1189; x_wconf 83' lang='lat' dir='ltr'><strong>Conrado</strong></span> <span class='ocrx_word' id='word_1_46' title='bbox 1007 1131 1110 1188; x_wconf 87' lang='lat' dir='ltr'><strong>rebelle</strong></span> <span class='ocrx_word' id='word_1_47' title='bbox 1137 1132 1189 1187; x_wconf 88' lang='lat' dir='ltr'><strong>sibi</strong></span> 
     </span>
     <span class='ocr_line' id='line_1_8' title="bbox 58 1224 1188 1300; baseline -0.001 -18"><span class='ocrx_word' id='word_1_48' title='bbox 58 1227 133 1283; x_wconf 87' lang='lat' dir='ltr'><strong>facto</strong></span> <span class='ocrx_word' id='word_1_49' title='bbox 153 1227 180 1282; x_wconf 93' lang='lat' dir='ltr'><strong>in</strong></span> <span class='ocrx_word' id='word_1_50' title='bbox 200 1234 335 1283; x_wconf 87' lang='lat' dir='ltr'><strong>conventu</strong></span> <span class='ocrx_word' id='word_1_51' title='bbox 358 1226 463 1300; x_wconf 90' lang='lat' dir='ltr'><strong>imperii</strong></span> <span class='ocrx_word' id='word_1_52' title='bbox 489 1243 633 1299; x_wconf 89' lang='lat' dir='ltr'><strong>procerum</strong></span> <span class='ocrx_word' id='word_1_53' title='bbox 659 1227 691 1282; x_wconf 90' lang='lat' dir='ltr'><strong>nd</strong></span> <span class='ocrx_word' id='word_1_54' title='bbox 712 1227 804 1299; x_wconf 73' lang='lat' dir='ltr'><strong>Aquas</strong></span> <span class='ocrx_word' id='word_1_55' title='bbox 826 1225 943 1284; x_wconf 81' lang='lat' dir='ltr'><strong>Granens</strong></span> <span class='ocrx_word' id='word_1_56' title='bbox 963 1225 1056 1282; x_wconf 88' lang='lat' dir='ltr'><strong>habito</strong></span> <span class='ocrx_word' id='word_1_57' title='bbox 1076 1224 1188 1281; x_wconf 85' lang='lat' dir='ltr'><strong>eundem</strong></span> 
     </span>
     <span class='ocr_line' id='line_1_9' title="bbox 58 1320 1189 1394; baseline -0.002 -18"><span class='ocrx_word' id='word_1_58' title='bbox 58 1321 235 1376; x_wconf 77' lang='lat' dir='ltr'><strong>exheredavit</strong></span> <span class='ocrx_word' id='word_1_59' title='bbox 260 1321 419 1393; x_wconf 89' lang='lat' dir='ltr'><strong>impetrans,</strong></span> <span class='ocrx_word' id='word_1_60' title='bbox 445 1328 474 1376; x_wconf 95' lang='lat' dir='ltr'><strong>nt</strong></span> <span class='ocrx_word' id='word_1_61' title='bbox 494 1338 528 1377; x_wconf 83' lang='lat' dir='ltr'><strong>ox</strong></span> <span class='ocrx_word' id='word_1_62' title='bbox 548 1320 654 1377; x_wconf 90' lang='lat' dir='ltr'><strong>consilii</strong></span> <span class='ocrx_word' id='word_1_63' title='bbox 674 1320 787 1378; x_wconf 86' lang='lat' dir='ltr'><strong>decreto</strong></span> <span class='ocrx_word' id='word_1_64' title='bbox 806 1322 944 1394; x_wconf 89' lang='lat' dir='ltr'><strong>principes</strong></span> <span class='ocrx_word' id='word_1_65' title='bbox 960 1321 1095 1392; x_wconf 87' lang='lat' dir='ltr'><strong>juniorem</strong></span> <span class='ocrx_word' id='word_1_66' title='bbox 1114 1336 1189 1375; x_wconf 89' lang='lat' dir='ltr'><strong>snum</strong></span> 
     </span>
     <span class='ocr_line' id='line_1_10' title="bbox 58 1415 1188 1488; baseline 0 -18"><span class='ocrx_word' id='word_1_67' title='bbox 58 1415 141 1471; x_wconf 85' lang='lat' dir='ltr'><strong>filium</strong></span> <span class='ocrx_word' id='word_1_68' title='bbox 155 1415 352 1486; x_wconf 74' lang='lat' dir='ltr'><strong>Hernicum,</strong></span> <span class='ocrx_word' id='word_1_69' title='bbox 371 1417 538 1488; x_wconf 87' lang='lat' dir='ltr'><strong>impuberem</strong></span> <span class='ocrx_word' id='word_1_70' title='bbox 558 1415 655 1487; x_wconf 90' lang='lat' dir='ltr'><strong>adbuc,</strong></span> <span class='ocrx_word' id='word_1_71' title='bbox 674 1432 811 1472; x_wconf 78' lang='lat' dir='ltr'><strong>caesarem</strong></span> <span class='ocrx_word' id='word_1_72' title='bbox 827 1416 1034 1472; x_wconf 83' lang='lat' dir='ltr'><strong>consalutarent.</strong></span> <span class='ocrx_word' id='word_1_73' title='bbox 1066 1416 1188 1487; x_wconf 82' lang='lat' dir='ltr'><strong>Aposto-</strong></span> 
     </span>
     <span class='ocr_line' id='line_1_11' title="bbox 58 1509 1190 1584; baseline -0.001 -19"><span class='ocrx_word' id='word_1_74' title='bbox 58 1509 128 1565; x_wconf 90' lang='lat' dir='ltr'><strong>licae</strong></span> <span class='ocrx_word' id='word_1_75' title='bbox 154 1516 243 1566; x_wconf 91' lang='lat' dir='ltr'><strong>antem</strong></span> <span class='ocrx_word' id='word_1_76' title='bbox 270 1510 341 1566; x_wconf 87' lang='lat' dir='ltr'><strong>sedis</strong></span> <span class='ocrx_word' id='word_1_77' title='bbox 365 1511 450 1582; x_wconf 73' lang='lat' dir='ltr'><strong>legati</strong></span> <span class='ocrx_word' id='word_1_78' title='bbox 475 1528 555 1582; x_wconf 90' lang='lat' dir='ltr'><strong>quum</strong></span> <span class='ocrx_word' id='word_1_79' title='bbox 584 1511 610 1567; x_wconf 91' lang='lat' dir='ltr'><strong>in</strong></span> <span class='ocrx_word' id='word_1_80' title='bbox 638 1509 754 1566; x_wconf 82' lang='lat' dir='ltr'><strong>maximo</strong></span> <span class='ocrx_word' id='word_1_81' title='bbox 779 1510 929 1584; x_wconf 80' lang='lat' dir='ltr'><strong>principum</strong></span> <span class='ocrx_word' id='word_1_82' title='bbox 958 1516 1091 1567; x_wconf 87' lang='lat' dir='ltr'><strong>conventu</strong></span> <span class='ocrx_word' id='word_1_83' title='bbox 1116 1509 1190 1565; x_wconf 88' lang='lat' dir='ltr'><strong>facto</strong></span> 
     </span>
     <span class='ocr_line' id='line_1_12' title="bbox 58 1603 1189 1678; baseline 0.003 -20"><span class='ocrx_word' id='word_1_84' title='bbox 58 1603 196 1660; x_wconf 88' lang='lat' dir='ltr'><strong>anathema</strong></span> <span class='ocrx_word' id='word_1_85' title='bbox 217 1621 233 1660; x_wconf 87' lang='lat' dir='ltr'><strong>a</strong></span> <span class='ocrx_word' id='word_1_86' title='bbox 253 1605 379 1661; x_wconf 89' lang='lat' dir='ltr'><strong>romemis</strong></span> <span class='ocrx_word' id='word_1_87' title='bbox 404 1606 572 1678; x_wconf 87' lang='lat' dir='ltr'><strong>pontificibus</strong></span> <span class='ocrx_word' id='word_1_88' title='bbox 597 1606 625 1662; x_wconf 90' lang='lat' dir='ltr'><strong>iu</strong></span> <span class='ocrx_word' id='word_1_89' title='bbox 648 1606 839 1677; x_wconf 85' lang='lat' dir='ltr'><strong>imperatorem</strong></span> <span class='ocrx_word' id='word_1_90' title='bbox 864 1604 988 1661; x_wconf 86' lang='lat' dir='ltr'><strong>emissum</strong></span> <span class='ocrx_word' id='word_1_91' title='bbox 1011 1605 1189 1677; x_wconf 73' lang='lat' dir='ltr'><strong>promulges-</strong></span> 
     </span>
     <span class='ocr_line' id='line_1_13' title="bbox 57 1696 1189 1772; baseline -0.002 -18"><span class='ocrx_word' id='word_1_92' title='bbox 57 1704 128 1769; x_wconf 88' lang='lat' dir='ltr'><strong>sent,</strong></span> <span class='ocrx_word' id='word_1_93' title='bbox 147 1696 326 1771; x_wconf 72' lang='lat' dir='ltr'><strong>„optimates”</strong></span> <span class='ocrx_word' id='word_1_94' title='bbox 347 1699 453 1757; x_wconf 91' lang='lat' dir='ltr'><strong>reddita</strong></span> <span class='ocrx_word' id='word_1_95' title='bbox 474 1706 585 1772; x_wconf 79' lang='lat' dir='ltr'><strong>epatre</strong></span> <span class='ocrx_word' id='word_1_96' title='bbox 603 1698 756 1772; x_wconf 86' lang='lat' dir='ltr'><strong>imperialia</strong></span> <span class='ocrx_word' id='word_1_97' title='bbox 775 1698 852 1770; x_wconf 79' lang='lat' dir='ltr'><strong>sigua</strong></span> <span class='ocrx_word' id='word_1_98' title='bbox 872 1699 906 1754; x_wconf 86' lang='lat' dir='ltr'><strong>ad</strong></span> <span class='ocrx_word' id='word_1_99' title='bbox 926 1699 1008 1754; x_wconf 85' lang='lat' dir='ltr'><strong>lilium</strong></span> <span class='ocrx_word' id='word_1_100' title='bbox 1025 1698 1189 1767; x_wconf 88' lang='lat' dir='ltr'><strong>detulerunt,</strong></span> 
     </span>
     <span class='ocr_line' id='line_1_14' title="bbox 58 1791 1189 1867; baseline -0.002 -19"><span class='ocrx_word' id='word_1_101' title='bbox 58 1809 207 1865; x_wconf 90' lang='lat' dir='ltr'><strong>„eumqne,</strong></span> <span class='ocrx_word' id='word_1_102' title='bbox 233 1794 322 1866; x_wconf 90' lang='lat' dir='ltr'><strong>pr-imo</strong></span> <span class='ocrx_word' id='word_1_103' title='bbox 342 1801 454 1867; x_wconf 88' lang='lat' dir='ltr'><strong>epatre</strong></span> <span class='ocrx_word' id='word_1_104' title='bbox 474 1795 588 1850; x_wconf 86' lang='lat' dir='ltr'><strong>electum</strong></span> <span class='ocrx_word' id='word_1_105' title='bbox 608 1811 659 1867; x_wconf 88' lang='lat' dir='ltr'><strong>per</strong></span> <span class='ocrx_word' id='word_1_106' title='bbox 684 1793 879 1866; x_wconf 78' lang='lat' dir='ltr'><strong>impositionem</strong></span> <span class='ocrx_word' id='word_1_107' title='bbox 906 1809 998 1848; x_wconf 88' lang='lat' dir='ltr'><strong>manns</strong></span> <span class='ocrx_word' id='word_1_108' title='bbox 1022 1791 1189 1865; x_wconf 89' lang='lat' dir='ltr'><strong>apostolicae</strong></span> 
     </span>
     <span class='ocr_line' id='line_1_15' title="bbox 57 1876 1189 1960; baseline -0.003 -17"><span class='ocrx_word' id='word_1_109' title='bbox 57 1887 130 1943; x_wconf 85' lang='lat' dir='ltr'><strong>sedis</strong></span> <span class='ocrx_word' id='word_1_110' title='bbox 149 1888 301 1958; x_wconf 81' lang='lat' dir='ltr'><strong>legatorum</strong></span> <span class='ocrx_word' id='word_1_111' title='bbox 321 1876 530 1960; x_wconf 86' lang='lat' dir='ltr'><strong>cunctorumque</strong></span> <span class='ocrx_word' id='word_1_112' title='bbox 550 1888 727 1946; x_wconf 84' lang='lat' dir='ltr'><strong>electione</strong></span> <span class='ocrx_word' id='word_1_113' title='bbox 745 1918 775 1928; x_wconf 97' lang='lat'><em>-</em></span> <span class='ocrx_word' id='word_1_114' title='bbox 792 1905 888 1960; x_wconf 72' lang='lat' dir='ltr'><strong>regem</strong></span> <span class='ocrx_word' id='word_1_115' title='bbox 907 1882 1087 1945; x_wconf 82' lang='lat' dir='ltr'><strong>creaverunt&#39;&#39;</strong></span> <span class='ocrx_word' id='word_1_116' title='bbox 1109 1885 1189 1954; x_wconf 81' lang='grc'>(0110</span> 
     </span>
     <span class='ocr_line' id='line_1_16' title="bbox 57 1981 370 2054; baseline 0.01 -17"><span class='ocrx_word' id='word_1_117' title='bbox 57 1981 125 2039; x_wconf 80' lang='lat' dir='ltr'><strong>Fris.</strong></span> <span class='ocrx_word' id='word_1_118' title='bbox 140 1982 198 2039; x_wconf 91' lang='lat' dir='ltr'><strong>Vll.</strong></span> <span class='ocrx_word' id='word_1_119' title='bbox 213 1982 370 2054; x_wconf 80' lang='lat' dir='ltr'><strong>c.10,11).</strong></span> 
     </span>
    </p>

    <p class='ocr_par' dir='ltr' id='par_1_4' title="bbox 55 2075 1191 2716">
     <span class='ocr_line' id='line_1_17' title="bbox 134 2075 1189 2150; baseline -0.001 -18"><span class='ocrx_word' id='word_1_120' title='bbox 134 2076 294 2133; x_wconf 74' lang='lat' dir='ltr'><strong>Extincto</strong></span> <span class='ocrx_word' id='word_1_121' title='bbox 318 2077 522 2135; x_wconf 77' lang='lat' dir='ltr'><strong>franconica</strong></span> <span class='ocrx_word' id='word_1_122' title='bbox 547 2095 665 2150; x_wconf 80' lang='lat' dir='ltr'><strong>regum</strong></span> <span class='ocrx_word' id='word_1_123' title='bbox 691 2077 803 2150; x_wconf 89' lang='lat' dir='ltr'><strong>stirpe</strong></span> <span class='ocrx_word' id='word_1_124' title='bbox 825 2076 978 2148; x_wconf 64' lang='grc' dir='ltr'><strong>1101111110Ι</strong></span> <span class='ocrx_word' id='word_1_125' title='bbox 1002 2080 1080 2145; x_wconf 85' lang='lat' dir='ltr'><strong>(ann.</strong></span> <span class='ocrx_word' id='word_1_126' title='bbox 1099 2075 1189 2146; x_wconf 78' lang='lat'>1125)</span> 
     </span>
     <span class='ocr_line' id='line_1_18' title="bbox 57 2170 1190 2244; baseline 0.001 -19"><span class='ocrx_word' id='word_1_127' title='bbox 57 2170 443 2243; x_wconf 56' lang='grc' dir='ltr'><strong>ᾖ111101101”0011οη01111,</strong></span> <span class='ocrx_word' id='word_1_128' title='bbox 463 2173 553 2244; x_wconf 87' lang='lat' dir='ltr'><strong>ibique</strong></span> <span class='ocrx_word' id='word_1_129' title='bbox 573 2173 704 2229; x_wconf 88' lang='lat' dir='ltr'><strong>communi</strong></span> <span class='ocrx_word' id='word_1_130' title='bbox 724 2173 816 2229; x_wconf 90' lang='lat' dir='ltr'><strong>habito</strong></span> <span class='ocrx_word' id='word_1_131' title='bbox 837 2172 960 2240; x_wconf 90' lang='lat' dir='ltr'><strong>consili0,</strong></span> <span class='ocrx_word' id='word_1_132' title='bbox 980 2177 1096 2242; x_wconf 89' lang='lat' dir='ltr'><strong>quatuor</strong></span> <span class='ocrx_word' id='word_1_133' title='bbox 1110 2170 1190 2240; x_wconf 74' lang='lat' dir='ltr'><strong>requi</strong></span> 
     </span>
     <span class='ocr_line' id='line_1_19' title="bbox 57 2264 1188 2340; baseline -0.002 -19"><span class='ocrx_word' id='word_1_134' title='bbox 57 2265 201 2338; x_wconf 82' lang='lat' dir='ltr'><strong>optimates</strong></span> <span class='ocrx_word' id='word_1_135' title='bbox 220 2265 254 2321; x_wconf 92' lang='lat' dir='ltr'><strong>ad</strong></span> <span class='ocrx_word' id='word_1_136' title='bbox 275 2282 388 2338; x_wconf 75' lang='lat' dir='ltr'><strong>regnum</strong></span> <span class='ocrx_word' id='word_1_137' title='bbox 407 2268 443 2322; x_wconf 88' lang='lat' dir='ltr'><strong>ab</strong></span> <span class='ocrx_word' id='word_1_138' title='bbox 461 2267 526 2339; x_wconf 87' lang='lat' dir='ltr'><strong>ipsis</strong></span> <span class='ocrx_word' id='word_1_139' title='bbox 546 2267 679 2340; x_wconf 73' lang='lat' dir='ltr'><strong>designati</strong></span> <span class='ocrx_word' id='word_1_140' title='bbox 699 2273 774 2338; x_wconf 90' lang='lat' dir='ltr'><strong>sunt,</strong></span> <span class='ocrx_word' id='word_1_141' title='bbox 798 2265 997 2336; x_wconf 86' lang='lat' dir='ltr'><strong>botbarins,</strong></span> <span class='ocrx_word' id='word_1_142' title='bbox 1022 2266 1077 2321; x_wconf 84' lang='lat' dir='ltr'><strong>dux</strong></span> <span class='ocrx_word' id='word_1_143' title='bbox 1097 2264 1188 2322; x_wconf 83' lang='lat' dir='ltr'><strong>Saxo-</strong></span> 
     </span>
     <span class='ocr_line' id='line_1_20' title="bbox 55 2358 1190 2434; baseline -0.001 -19"><span class='ocrx_word' id='word_1_144' title='bbox 55 2377 134 2431; x_wconf 91' lang='lat' dir='ltr'><strong>num,</strong></span> <span class='ocrx_word' id='word_1_145' title='bbox 153 2359 306 2417; x_wconf 87' lang='lat' dir='ltr'><strong>Fridaricus</strong></span> <span class='ocrx_word' id='word_1_146' title='bbox 326 2361 380 2417; x_wconf 84' lang='lat' dir='ltr'><strong>dux</strong></span> <span class='ocrx_word' id='word_1_147' title='bbox 400 2361 565 2431; x_wconf 89' lang='lat' dir='ltr'><strong>Suevornm,</strong></span> <span class='ocrx_word' id='word_1_148' title='bbox 588 2361 740 2434; x_wconf 84' lang='lat' dir='ltr'><strong>leopoldus</strong></span> <span class='ocrx_word' id='word_1_149' title='bbox 760 2362 881 2418; x_wconf 86' lang='lat' dir='ltr'><strong>marchio</strong></span> <span class='ocrx_word' id='word_1_150' title='bbox 902 2361 1057 2430; x_wconf 89' lang='lat' dir='ltr'><strong>orientalis,</strong></span> <span class='ocrx_word' id='word_1_151' title='bbox 1076 2358 1190 2414; x_wconf 79' lang='lat' dir='ltr'><strong>Carolus</strong></span> 
     </span>
     <span class='ocr_line' id='line_1_21' title="bbox 58 2453 1189 2528; baseline -0.001 -19"><span class='ocrx_word' id='word_1_152' title='bbox 58 2470 149 2510; x_wconf 90' lang='lat' dir='ltr'><strong>comes</strong></span> <span class='ocrx_word' id='word_1_153' title='bbox 173 2454 313 2511; x_wconf 86' lang='lat' dir='ltr'><strong>Flandriae</strong></span> <span class='ocrx_word' id='word_1_154' title='bbox 342 2454 426 2523; x_wconf 86' lang='grc'>(0110</span> <span class='ocrx_word' id='word_1_155' title='bbox 450 2457 517 2513; x_wconf 83' lang='lat' dir='ltr'><strong>Fris.</strong></span> <span class='ocrx_word' id='word_1_156' title='bbox 539 2457 603 2527; x_wconf 91' lang='lat' dir='ltr'><strong>Vll,</strong></span> <span class='ocrx_word' id='word_1_157' title='bbox 628 2456 734 2524; x_wconf 81' lang='grc'>011).</span> <span class='ocrx_word' id='word_1_158' title='bbox 781 2457 950 2528; x_wconf 77' lang='lat' dir='ltr'><strong>llognntinus</strong></span> <span class='ocrx_word' id='word_1_159' title='bbox 981 2461 1069 2510; x_wconf 88' lang='lat' dir='ltr'><strong>autem</strong></span> <span class='ocrx_word' id='word_1_160' title='bbox 1094 2453 1189 2509; x_wconf 86' lang='lat' dir='ltr'><strong>arabi-</strong></span> 
     </span>
     <span class='ocr_line' id='line_1_22' title="bbox 58 2547 1191 2622; baseline -0.002 -18"><span class='ocrx_word' id='word_1_161' title='bbox 58 2549 201 2622; x_wconf 87' lang='lat' dir='ltr'><strong>episcopns</strong></span> <span class='ocrx_word' id='word_1_162' title='bbox 217 2548 396 2622; x_wconf 90' lang='lat' dir='ltr'><strong>principibus,</strong></span> <span class='ocrx_word' id='word_1_163' title='bbox 415 2555 444 2605; x_wconf 85' lang='lat' dir='ltr'><strong>ut</strong></span> <span class='ocrx_word' id='word_1_164' title='bbox 464 2550 490 2605; x_wconf 92' lang='lat' dir='ltr'><strong>in</strong></span> <span class='ocrx_word' id='word_1_165' title='bbox 510 2550 829 2620; x_wconf 76' lang='lat' dir='ltr'><strong>eligendumbotbarinm</strong></span> <span class='ocrx_word' id='word_1_166' title='bbox 846 2550 1037 2619; x_wconf 79' lang='lat' dir='ltr'><strong>consentirent,</strong></span> <span class='ocrx_word' id='word_1_167' title='bbox 1056 2547 1191 2621; x_wconf 89' lang='lat' dir='ltr'><strong>persuasit</strong></span> 
     </span>
     <span class='ocr_line' id='line_1_23' title="bbox 58 2643 732 2716; baseline 0.003 -17"><span class='ocrx_word' id='word_1_168' title='bbox 58 2643 138 2710; x_wconf 90' lang='grc'>(0110</span> <span class='ocrx_word' id='word_1_169' title='bbox 156 2643 225 2698; x_wconf 87' lang='lat' dir='ltr'><strong>Fris.</strong></span> <span class='ocrx_word' id='word_1_170' title='bbox 247 2643 281 2699; x_wconf 88' lang='lat' dir='ltr'><strong>de</strong></span> <span class='ocrx_word' id='word_1_171' title='bbox 301 2644 385 2714; x_wconf 81' lang='lat' dir='ltr'><strong>gestis</strong></span> <span class='ocrx_word' id='word_1_172' title='bbox 404 2644 537 2700; x_wconf 82' lang='lat' dir='ltr'><strong>Friderici</strong></span> <span class='ocrx_word' id='word_1_173' title='bbox 557 2647 574 2701; x_wconf 89' lang='lat' dir='ltr'><strong>l.</strong></span> <span class='ocrx_word' id='word_1_174' title='bbox 589 2646 611 2716; x_wconf 89' lang='lat' dir='ltr'><strong>l,</strong></span> <span class='ocrx_word' id='word_1_175' title='bbox 630 2661 654 2700; x_wconf 90' lang='lat' dir='ltr'><strong>c.</strong></span> <span class='ocrx_word' id='word_1_176' title='bbox 673 2645 732 2713; x_wconf 90' lang='grc'>16).</span> 
     </span>
    </p>

    <p class='ocr_par' dir='ltr' id='par_1_5' title="bbox 58 2737 1191 3190">
     <span class='ocr_line' id='line_1_24' title="bbox 135 2737 1190 2810; baseline 0 -18"><span class='ocrx_word' id='word_1_177' title='bbox 135 2737 269 2794; x_wconf 82' lang='lat' dir='ltr'><strong>Defuncto</strong></span> <span class='ocrx_word' id='word_1_178' title='bbox 293 2738 421 2795; x_wconf 81' lang='lat' dir='ltr'><strong>lotherio</strong></span> <span class='ocrx_word' id='word_1_179' title='bbox 447 2739 474 2794; x_wconf 92' lang='lat' dir='ltr'><strong>in</strong></span> <span class='ocrx_word' id='word_1_180' title='bbox 500 2739 677 2809; x_wconf 86' lang='lat' dir='ltr'><strong>maguntinam</strong></span> <span class='ocrx_word' id='word_1_181' title='bbox 708 2738 844 2795; x_wconf 87' lang='lat' dir='ltr'><strong>civitatem</strong></span> <span class='ocrx_word' id='word_1_182' title='bbox 875 2739 1010 2810; x_wconf 77' lang='lat' dir='ltr'><strong>generalis</strong></span> <span class='ocrx_word' id='word_1_183' title='bbox 1039 2737 1190 2810; x_wconf 89' lang='lat' dir='ltr'><strong>principum</strong></span> 
     </span>
     <span class='ocr_line' id='line_1_25' title="bbox 59 2831 1190 2906; baseline -0.002 -18"><span class='ocrx_word' id='word_1_184' title='bbox 59 2839 208 2888; x_wconf 88' lang='lat' dir='ltr'><strong>conventus</strong></span> <span class='ocrx_word' id='word_1_185' title='bbox 229 2831 343 2888; x_wconf 87' lang='lat' dir='ltr'><strong>indictus</strong></span> <span class='ocrx_word' id='word_1_186' title='bbox 364 2839 436 2905; x_wconf 82' lang='lat' dir='ltr'><strong>erat3</strong></span> <span class='ocrx_word' id='word_1_187' title='bbox 459 2834 512 2889; x_wconf 76' lang='lat' dir='ltr'><strong>sed.</strong></span> <span class='ocrx_word' id='word_1_188' title='bbox 526 2833 653 2905; x_wconf 90' lang='lat' dir='ltr'><strong>„quidam</strong></span> <span class='ocrx_word' id='word_1_189' title='bbox 674 2851 709 2889; x_wconf 87' lang='lat' dir='ltr'><strong>ex</strong></span> <span class='ocrx_word' id='word_1_190' title='bbox 728 2833 905 2906; x_wconf 90' lang='lat' dir='ltr'><strong>principibus,</strong></span> <span class='ocrx_word' id='word_1_191' title='bbox 925 2833 1046 2889; x_wconf 88' lang='lat' dir='ltr'><strong>timentes</strong></span> <span class='ocrx_word' id='word_1_192' title='bbox 1065 2849 1100 2888; x_wconf 90' lang='grc'><strong>10</strong></span> <span class='ocrx_word' id='word_1_193' title='bbox 1119 2831 1190 2887; x_wconf 88' lang='grc'>10110</span> 
     </span>
     <span class='ocr_line' id='line_1_26' title="bbox 58 2925 1191 3001; baseline -0.003 -19"><span class='ocrx_word' id='word_1_194' title='bbox 58 2927 85 2982; x_wconf 87' lang='lat' dir='ltr'><strong>iu</strong></span> <span class='ocrx_word' id='word_1_195' title='bbox 105 2927 230 2998; x_wconf 82' lang='lat' dir='ltr'><strong>generali</strong></span> <span class='ocrx_word' id='word_1_196' title='bbox 251 2926 325 2982; x_wconf 91' lang='lat' dir='ltr'><strong>curia</strong></span> <span class='ocrx_word' id='word_1_197' title='bbox 339 2928 479 2999; x_wconf 74' lang='lat' dir='ltr'><strong>Esuriens,</strong></span> <span class='ocrx_word' id='word_1_198' title='bbox 499 2929 544 2999; x_wconf 93' lang='lat' dir='ltr'><strong>qni</strong></span> <span class='ocrx_word' id='word_1_199' title='bbox 563 2934 627 2984; x_wconf 87' lang='lat' dir='ltr'><strong>tunc</strong></span> <span class='ocrx_word' id='word_1_200' title='bbox 647 2927 788 3001; x_wconf 87' lang='lat' dir='ltr'><strong>praecipui</strong></span> <span class='ocrx_word' id='word_1_201' title='bbox 809 2933 837 2983; x_wconf 88' lang='lat' dir='ltr'><strong>et</strong></span> <span class='ocrx_word' id='word_1_202' title='bbox 856 2927 967 2983; x_wconf 88' lang='lat' dir='ltr'><strong>nominis</strong></span> <span class='ocrx_word' id='word_1_203' title='bbox 987 2927 1014 2981; x_wconf 91' lang='lat' dir='ltr'><strong>in</strong></span> <span class='ocrx_word' id='word_1_204' title='bbox 1033 2941 1120 2996; x_wconf 75' lang='lat' dir='ltr'><strong>regno</strong></span> <span class='ocrx_word' id='word_1_205' title='bbox 1140 2925 1191 2980; x_wconf 90' lang='lat' dir='ltr'><strong>fuit</strong></span> 
     </span>
     <span class='ocr_line' id='line_1_27' title="bbox 61 3020 1191 3096; baseline -0.002 -20"><span class='ocrx_word' id='word_1_206' title='bbox 61 3022 227 3090; x_wconf 89' lang='lat' dir='ltr'><strong>[eratenim</strong></span> <span class='ocrx_word' id='word_1_207' title='bbox 254 3021 372 3078; x_wconf 76' lang='lat' dir='ltr'><strong>defuncti</strong></span> <span class='ocrx_word' id='word_1_208' title='bbox 397 3022 569 3096; x_wconf 86' lang='lat' dir='ltr'><strong>imperatoris</strong></span> <span class='ocrx_word' id='word_1_209' title='bbox 595 3023 710 3094; x_wconf 87' lang='lat' dir='ltr'><strong>exejus</strong></span> <span class='ocrx_word' id='word_1_210' title='bbox 736 3022 790 3078; x_wconf 89' lang='lat' dir='ltr'><strong>filia</strong></span> <span class='ocrx_word' id='word_1_211' title='bbox 814 3020 947 3078; x_wconf 81' lang='lat' dir='ltr'><strong>Gertrnde</strong></span> <span class='ocrx_word' id='word_1_212' title='bbox 971 3037 1073 3093; x_wconf 76' lang='lat' dir='ltr'><strong>gener,</strong></span> <span class='ocrx_word' id='word_1_213' title='bbox 1097 3036 1112 3075; x_wconf 88' lang='lat' dir='ltr'><strong>a</strong></span> <span class='ocrx_word' id='word_1_214' title='bbox 1134 3035 1191 3091; x_wconf 91' lang='lat' dir='ltr'><strong>qno</strong></span> 
     </span>
     <span class='ocr_line' id='line_1_28' title="bbox 60 3110 1191 3190; baseline -0.002 -20"><span class='ocrx_word' id='word_1_215' title='bbox 60 3116 195 3173; x_wconf 85' lang='lat' dir='ltr'><strong>Saxoniae</strong></span> <span class='ocrx_word' id='word_1_216' title='bbox 221 3116 332 3188; x_wconf 79' lang='lat' dir='ltr'><strong>insuper</strong></span> <span class='ocrx_word' id='word_1_217' title='bbox 358 3116 481 3173; x_wconf 90' lang='lat' dir='ltr'><strong>ducatum</strong></span> <span class='ocrx_word' id='word_1_218' title='bbox 507 3118 678 3186; x_wconf 88' lang='lat' dir='ltr'><strong>obtinuerat]</strong></span> <span class='ocrx_word' id='word_1_219' title='bbox 705 3133 755 3190; x_wconf 92' lang='lat' dir='ltr'><strong>per</strong></span> <span class='ocrx_word' id='word_1_220' title='bbox 780 3117 927 3189; x_wconf 86' lang='lat' dir='ltr'><strong>potentiam</strong></span> <span class='ocrx_word' id='word_1_221' title='bbox 953 3110 1141 3189; x_wconf 79' lang='lat' dir='ltr'><strong>praevaleret”</strong></span> <span class='ocrx_word' id='word_1_222' title='bbox 1164 3113 1191 3169; x_wconf 92' lang='lat' dir='ltr'><strong>in</strong></span> 
     </span>
    </p>
   </div>
   <div class='ocr_carea' id='block_1_4' title="bbox 61 3207 1307 3284">
    <p class='ocr_par' dir='ltr' id='par_1_6' title="bbox 61 3207 1307 3284">
     <span class='ocr_line' id='line_1_29' title="bbox 61 3207 1307 3284; baseline 0 -19"><span class='ocrx_word' id='word_1_223' title='bbox 61 3210 160 3284; x_wconf 89' lang='lat' dir='ltr'><strong>oppido</strong></span> <span class='ocrx_word' id='word_1_224' title='bbox 181 3210 348 3267; x_wconf 78' lang='lat' dir='ltr'><strong>Confluentis</strong></span> <span class='ocrx_word' id='word_1_225' title='bbox 369 3218 529 3267; x_wconf 89' lang='lat' dir='ltr'><strong>conventum</strong></span> <span class='ocrx_word' id='word_1_226' title='bbox 549 3213 767 3281; x_wconf 88' lang='lat' dir='ltr'><strong>celebraverunt,</strong></span> <span class='ocrx_word' id='word_1_227' title='bbox 787 3212 825 3267; x_wconf 91' lang='lat' dir='ltr'><strong>ibi</strong></span> <span class='ocrx_word' id='word_1_228' title='bbox 844 3228 940 3282; x_wconf 80' lang='lat' dir='ltr'><strong>regem</strong></span> <span class='ocrx_word' id='word_1_229' title='bbox 961 3216 1082 3267; x_wconf 84' lang='lat' dir='ltr'><strong>creantes</strong></span> <span class='ocrx_word' id='word_1_230' title='bbox 1100 3207 1190 3265; x_wconf 84' lang='lat' dir='ltr'><strong>Con·</strong></span> <span class='ocrx_word' id='word_1_231' title='bbox 1304 3231 1307 3235; x_wconf 87' lang='lat'><strong>·</strong></span> 
     </span>
    </p>
   </div>
   <div class='ocr_carea' id='block_1_5' title="bbox 59 3303 1191 3377">
    <p class='ocr_par' dir='ltr' id='par_1_7' title="bbox 59 3303 1191 3377">
     <span class='ocr_line' id='line_1_30' title="bbox 59 3303 1191 3377; baseline -0.002 -18"><span class='ocrx_word' id='word_1_232' title='bbox 59 3304 190 3376; x_wconf 89' lang='lat' dir='ltr'><strong>radnm,</strong></span> <span class='ocrx_word' id='word_1_233' title='bbox 210 3305 356 3362; x_wconf 87' lang='lat' dir='ltr'><strong>fratrem</strong></span> <span class='ocrx_word' id='word_1_234' title='bbox 374 3306 568 3377; x_wconf 85' lang='lat' dir='ltr'><strong>Friderici,</strong></span> <span class='ocrx_word' id='word_1_235' title='bbox 587 3307 663 3362; x_wconf 90' lang='lat' dir='ltr'><strong>ducis</strong></span> <span class='ocrx_word' id='word_1_236' title='bbox 679 3306 829 3362; x_wconf 85' lang='lat' dir='ltr'><strong>Suevorum</strong></span> <span class='ocrx_word' id='word_1_237' title='bbox 849 3312 1011 3377; x_wconf 89' lang='lat' dir='ltr'><strong>„praesente</strong></span> <span class='ocrx_word' id='word_1_238' title='bbox 1025 3303 1191 3372; x_wconf 83' lang='lat' dir='ltr'><strong>Tbeodninc,</strong></span> 
     </span>
    </p>
   </div>
   <div class='ocr_carea' id='block_1_6' title="bbox 62 3397 1290 3472">
    <p class='ocr_par' dir='ltr' id='par_1_8' title="bbox 62 3397 1290 3472">
     <span class='ocr_line' id='line_1_31' title="bbox 62 3397 1290 3472; baseline -0.002 -18"><span class='ocrx_word' id='word_1_239' title='bbox 62 3399 191 3472; x_wconf 84' lang='lat' dir='ltr'><strong>episcopo</strong></span> <span class='ocrx_word' id='word_1_240' title='bbox 211 3401 349 3457; x_wconf 81' lang='lat' dir='ltr'><strong>cardinale</strong></span> <span class='ocrx_word' id='word_1_241' title='bbox 369 3416 400 3456; x_wconf 88' lang='grc'><strong>10</strong></span> <span class='ocrx_word' id='word_1_242' title='bbox 420 3407 529 3459; x_wconf 82' lang='grc'>0110110</span> <span class='ocrx_word' id='word_1_243' title='bbox 549 3416 677 3456; x_wconf 83' lang='lat' dir='ltr'><strong>romanae</strong></span> <span class='ocrx_word' id='word_1_244' title='bbox 697 3400 830 3456; x_wconf 88' lang='lat' dir='ltr'><strong>ecclesiae</strong></span> <span class='ocrx_word' id='word_1_245' title='bbox 850 3400 959 3469; x_wconf 75' lang='lat' dir='ltr'><strong>legato,</strong></span> <span class='ocrx_word' id='word_1_246' title='bbox 983 3398 1076 3454; x_wconf 86' lang='lat' dir='ltr'><strong>summi</strong></span> <span class='ocrx_word' id='word_1_247' title='bbox 1095 3397 1190 3469; x_wconf 91' lang='lat' dir='ltr'><strong>ponti·</strong></span> <span class='ocrx_word' id='word_1_248' title='bbox 1287 3413 1290 3416; x_wconf 85' lang='lat'><strong>·</strong></span> 
     </span>
    </p>
   </div>
   <div class='ocr_carea' id='block_1_7' title="bbox 10 3486 1192 4419">
    <p class='ocr_par' dir='ltr' id='par_1_9' title="bbox 10 3486 1192 4419">
     <span class='ocr_line' id='line_1_32' title="bbox 60 3486 1189 3566; baseline -0.003 -18"><span class='ocrx_word' id='word_1_249' title='bbox 60 3492 115 3549; x_wconf 87' lang='lat' dir='ltr'><strong>licis</strong></span> <span class='ocrx_word' id='word_1_250' title='bbox 136 3511 170 3549; x_wconf 86' lang='grc'><strong>10</strong></span> <span class='ocrx_word' id='word_1_251' title='bbox 188 3496 271 3551; x_wconf 89' lang='lat' dir='ltr'><strong>totins</strong></span> <span class='ocrx_word' id='word_1_252' title='bbox 290 3495 393 3552; x_wconf 88' lang='lat' dir='ltr'><strong>romani</strong></span> <span class='ocrx_word' id='word_1_253' title='bbox 412 3494 506 3566; x_wconf 89' lang='lat' dir='ltr'><strong>populi</strong></span> <span class='ocrx_word' id='word_1_254' title='bbox 531 3494 691 3566; x_wconf 86' lang='lat' dir='ltr'><strong>urbiumque</strong></span> <span class='ocrx_word' id='word_1_255' title='bbox 710 3494 804 3550; x_wconf 82' lang='lat' dir='ltr'><strong>ltaliae</strong></span> <span class='ocrx_word' id='word_1_256' title='bbox 828 3509 966 3549; x_wconf 86' lang='lat' dir='ltr'><strong>assensum</strong></span> <span class='ocrx_word' id='word_1_257' title='bbox 989 3486 1189 3565; x_wconf 82' lang='lat' dir='ltr'><strong>promittente.”</strong></span> 
     </span>
     <span class='ocr_line' id='line_1_33' title="bbox 60 3584 1189 3658; baseline -0.001 -15"><span class='ocrx_word' id='word_1_258' title='bbox 60 3585 96 3644; x_wconf 90' lang='lat' dir='ltr'><strong>lta</strong></span> <span class='ocrx_word' id='word_1_259' title='bbox 123 3588 223 3645; x_wconf 82' lang='lat' dir='ltr'><strong>factam</strong></span> <span class='ocrx_word' id='word_1_260' title='bbox 242 3591 404 3646; x_wconf 88' lang='lat' dir='ltr'><strong>electionem</strong></span> <span class='ocrx_word' id='word_1_261' title='bbox 429 3589 514 3644; x_wconf 89' lang='lat' dir='ltr'><strong>refert</strong></span> <span class='ocrx_word' id='word_1_262' title='bbox 527 3588 599 3644; x_wconf 79' lang='lat' dir='ltr'><strong>ono</strong></span> <span class='ocrx_word' id='word_1_263' title='bbox 618 3588 795 3658; x_wconf 80' lang='lat' dir='ltr'><strong>Frisingensis</strong></span> <span class='ocrx_word' id='word_1_264' title='bbox 816 3589 849 3655; x_wconf 88' lang='lat' dir='ltr'><strong>(l.</strong></span> <span class='ocrx_word' id='word_1_265' title='bbox 863 3588 922 3657; x_wconf 82' lang='lat' dir='ltr'><strong>Vll,</strong></span> <span class='ocrx_word' id='word_1_266' title='bbox 942 3603 966 3642; x_wconf 90' lang='lat' dir='ltr'><strong>c.</strong></span> <span class='ocrx_word' id='word_1_267' title='bbox 980 3585 1049 3656; x_wconf 81' lang='lat'><strong>22),</strong></span> <span class='ocrx_word' id='word_1_268' title='bbox 1075 3584 1189 3642; x_wconf 84' lang='lat' dir='ltr'><strong>addens:</strong></span> 
     </span>
     <span class='ocr_line' id='line_1_34' title="bbox 61 3680 1187 3756; baseline -0.001 -18"><span class='ocrx_word' id='word_1_269' title='bbox 61 3683 103 3754; x_wconf 93' lang='lat' dir='ltr'><strong>qni</strong></span> <span class='ocrx_word' id='word_1_270' title='bbox 129 3699 194 3739; x_wconf 83' lang='lat' dir='ltr'><strong>mox</strong></span> <span class='ocrx_word' id='word_1_271' title='bbox 214 3684 253 3740; x_wconf 91' lang='lat' dir='ltr'><strong>ad</strong></span> <span class='ocrx_word' id='word_1_272' title='bbox 268 3685 395 3756; x_wconf 90' lang='lat' dir='ltr'><strong>palatium</strong></span> <span class='ocrx_word' id='word_1_273' title='bbox 414 3684 500 3754; x_wconf 83' lang='lat' dir='ltr'><strong>Aquis</strong></span> <span class='ocrx_word' id='word_1_274' title='bbox 520 3683 631 3739; x_wconf 87' lang='lat' dir='ltr'><strong>veniens</strong></span> <span class='ocrx_word' id='word_1_275' title='bbox 650 3699 666 3738; x_wconf 92' lang='lat' dir='ltr'><strong>a</strong></span> <span class='ocrx_word' id='word_1_276' title='bbox 686 3682 828 3755; x_wconf 86' lang='lat' dir='ltr'><strong>praedicto</strong></span> <span class='ocrx_word' id='word_1_277' title='bbox 853 3681 988 3737; x_wconf 89' lang='lat' dir='ltr'><strong>cardinale</strong></span> <span class='ocrx_word' id='word_1_278' title='bbox 1014 3685 1087 3750; x_wconf 89' lang='lat' dir='ltr'><strong>(nam</strong></span> <span class='ocrx_word' id='word_1_279' title='bbox 1108 3680 1187 3737; x_wconf 92' lang='lat' dir='ltr'><strong>colo-</strong></span> 
     </span>
     <span class='ocr_line' id='line_1_35' title="bbox 60 3775 1192 3849; baseline -0.004 -17"><span class='ocrx_word' id='word_1_280' title='bbox 60 3778 155 3834; x_wconf 89' lang='lat' dir='ltr'><strong>niensis</strong></span> <span class='ocrx_word' id='word_1_281' title='bbox 182 3779 228 3849; x_wconf 90' lang='lat' dir='ltr'><strong>qni</strong></span> <span class='ocrx_word' id='word_1_282' title='bbox 252 3778 281 3834; x_wconf 91' lang='lat' dir='ltr'><strong>id</strong></span> <span class='ocrx_word' id='word_1_283' title='bbox 311 3779 402 3834; x_wconf 88' lang='lat' dir='ltr'><strong>facere</strong></span> <span class='ocrx_word' id='word_1_284' title='bbox 431 3779 563 3835; x_wconf 89' lang='lat' dir='ltr'><strong>debuerat</strong></span> <span class='ocrx_word' id='word_1_285' title='bbox 591 3778 698 3834; x_wconf 88' lang='lat' dir='ltr'><strong>noviter</strong></span> <span class='ocrx_word' id='word_1_286' title='bbox 725 3776 918 3835; x_wconf 81' lang='lat' dir='ltr'><strong>inthronisatus</strong></span> <span class='ocrx_word' id='word_1_287' title='bbox 945 3775 1029 3848; x_wconf 92' lang='lat' dir='ltr'><strong>pallio</strong></span> <span class='ocrx_word' id='word_1_288' title='bbox 1054 3775 1192 3844; x_wconf 85' lang='lat' dir='ltr'><strong>carebat),</strong></span> 
     </span>
     <span class='ocr_line' id='line_1_36' title="bbox 61 3868 1190 3946; baseline -0.003 -19"><span class='ocrx_word' id='word_1_289' title='bbox 61 3873 268 3946; x_wconf 88' lang='lat' dir='ltr'><strong>cooperantibus</strong></span> <span class='ocrx_word' id='word_1_290' title='bbox 288 3873 437 3929; x_wconf 91' lang='lat' dir='ltr'><strong>coloniensi</strong></span> <span class='ocrx_word' id='word_1_291' title='bbox 450 3880 478 3929; x_wconf 92' lang='lat' dir='ltr'><strong>et</strong></span> <span class='ocrx_word' id='word_1_292' title='bbox 490 3872 642 3929; x_wconf 84' lang='lat' dir='ltr'><strong>treverensi</strong></span> <span class='ocrx_word' id='word_1_293' title='bbox 658 3871 875 3943; x_wconf 64' lang='lat' dir='ltr'><strong>&#39;archiepiscopis</strong></span> <span class='ocrx_word' id='word_1_294' title='bbox 895 3886 956 3925; x_wconf 89' lang='lat' dir='ltr'><strong>enm</strong></span> <span class='ocrx_word' id='word_1_295' title='bbox 975 3868 1091 3926; x_wconf 88' lang='lat' dir='ltr'><strong>caeteris</strong></span> <span class='ocrx_word' id='word_1_296' title='bbox 1112 3869 1190 3940; x_wconf 91' lang='lat' dir='ltr'><strong>epia·</strong></span> 
     </span>
     <span class='ocr_line' id='line_1_37' title="bbox 62 3964 1191 4040; baseline -0.002 -18"><span class='ocrx_word' id='word_1_297' title='bbox 62 3969 133 4040; x_wconf 85' lang='lat' dir='ltr'><strong>copis</strong></span> <span class='ocrx_word' id='word_1_298' title='bbox 154 3967 182 4022; x_wconf 93' lang='lat' dir='ltr'><strong>in</strong></span> <span class='ocrx_word' id='word_1_299' title='bbox 202 3983 296 4037; x_wconf 78' lang='lat' dir='ltr'><strong>regem</strong></span> <span class='ocrx_word' id='word_1_300' title='bbox 317 3969 443 4038; x_wconf 81' lang='lat' dir='ltr'><strong>unguitur</strong></span> <span class='ocrx_word' id='word_1_301' title='bbox 458 3998 503 4025; x_wconf 89' lang='lat'><strong>-.</strong></span> <span class='ocrx_word' id='word_1_302' title='bbox 537 3967 574 4023; x_wconf 83' lang='lat' dir='ltr'><strong>At</strong></span> <span class='ocrx_word' id='word_1_303' title='bbox 595 3967 715 4023; x_wconf 84' lang='lat' dir='ltr'><strong>Saxones</strong></span> <span class='ocrx_word' id='word_1_304' title='bbox 735 3971 763 4020; x_wconf 90' lang='lat' dir='ltr'><strong>et</strong></span> <span class='ocrx_word' id='word_1_305' title='bbox 783 3964 838 4020; x_wconf 83' lang='lat' dir='ltr'><strong>dux</strong></span> <span class='ocrx_word' id='word_1_306' title='bbox 857 3964 1003 4035; x_wconf 88' lang='lat' dir='ltr'><strong>llenricus,</strong></span> <span class='ocrx_word' id='word_1_307' title='bbox 1026 3964 1125 4036; x_wconf 87' lang='lat' dir='ltr'><strong>aliique</strong></span> <span class='ocrx_word' id='word_1_308' title='bbox 1146 3964 1191 4035; x_wconf 89' lang='lat' dir='ltr'><strong>qni</strong></span> 
     </span>
     <span class='ocr_line' id='line_1_38' title="bbox 10 4059 1191 4140; baseline -0.004 -23"><span class='ocrx_word' id='word_1_309' title='bbox 10 4128 12 4140; x_wconf 53' lang='lat'><strong>,</strong></span> <span class='ocrx_word' id='word_1_310' title='bbox 61 4061 186 4117; x_wconf 85' lang='lat' dir='ltr'><strong>electioni</strong></span> <span class='ocrx_word' id='word_1_311' title='bbox 211 4077 264 4117; x_wconf 92' lang='lat' dir='ltr'><strong>non</strong></span> <span class='ocrx_word' id='word_1_312' title='bbox 289 4061 481 4133; x_wconf 90' lang='lat' dir='ltr'><strong>interfuerunt,</strong></span> <span class='ocrx_word' id='word_1_313' title='bbox 506 4077 601 4132; x_wconf 79' lang='lat' dir='ltr'><strong>regem</strong></span> <span class='ocrx_word' id='word_1_314' title='bbox 624 4077 678 4118; x_wconf 90' lang='lat' dir='ltr'><strong>non</strong></span> <span class='ocrx_word' id='word_1_315' title='bbox 704 4060 824 4130; x_wconf 81' lang='lat' dir='ltr'><strong>legitime</strong></span> <span class='ocrx_word' id='word_1_316' title='bbox 850 4059 898 4116; x_wconf 88' lang='lat' dir='ltr'><strong>sed</strong></span> <span class='ocrx_word' id='word_1_317' title='bbox 922 4076 971 4128; x_wconf 92' lang='lat' dir='ltr'><strong>per</strong></span> <span class='ocrx_word' id='word_1_318' title='bbox 994 4059 1191 4132; x_wconf 82' lang='lat' dir='ltr'><strong>surreptionem</strong></span> 
     </span>
     <span class='ocr_line' id='line_1_39' title="bbox 61 4152 1189 4227; baseline -0.004 -17"><span class='ocrx_word' id='word_1_319' title='bbox 61 4155 177 4211; x_wconf 85' lang='lat' dir='ltr'><strong>electum</strong></span> <span class='ocrx_word' id='word_1_320' title='bbox 197 4155 425 4212; x_wconf 88' lang='lat' dir='ltr'><strong>calumniabantur</strong></span> <span class='ocrx_word' id='word_1_321' title='bbox 445 4152 517 4212; x_wconf 82' lang='lat' dir='ltr'><strong>otc.&#39;&#39;</strong></span> <span class='ocrx_word' id='word_1_322' title='bbox 552 4155 672 4212; x_wconf 84' lang='lat' dir='ltr'><strong>Saxones</strong></span> <span class='ocrx_word' id='word_1_323' title='bbox 692 4153 800 4226; x_wconf 91' lang='lat' dir='ltr'><strong>quidem</strong></span> <span class='ocrx_word' id='word_1_324' title='bbox 825 4153 852 4209; x_wconf 90' lang='lat' dir='ltr'><strong>in</strong></span> <span class='ocrx_word' id='word_1_325' title='bbox 877 4154 1002 4226; x_wconf 85' lang='lat' dir='ltr'><strong>proxima</strong></span> <span class='ocrx_word' id='word_1_326' title='bbox 1022 4158 1189 4227; x_wconf 91' lang='lat' dir='ltr'><strong>pentecoste,</strong></span> 
     </span>
     <span class='ocr_line' id='line_1_40' title="bbox 62 4247 1192 4322; baseline -0.006 -14"><span class='ocrx_word' id='word_1_327' title='bbox 62 4251 183 4320; x_wconf 71' lang='lat' dir='ltr'><strong>uenerati</strong></span> <span class='ocrx_word' id='word_1_328' title='bbox 203 4250 277 4306; x_wconf 91' lang='lat' dir='ltr'><strong>curia</strong></span> <span class='ocrx_word' id='word_1_329' title='bbox 302 4251 329 4306; x_wconf 95' lang='lat' dir='ltr'><strong>in</strong></span> <span class='ocrx_word' id='word_1_330' title='bbox 348 4251 509 4321; x_wconf 80' lang='lat' dir='ltr'><strong>Babeuberg</strong></span> <span class='ocrx_word' id='word_1_331' title='bbox 528 4249 644 4306; x_wconf 84' lang='lat' dir='ltr'><strong>maximo</strong></span> <span class='ocrx_word' id='word_1_332' title='bbox 664 4248 815 4322; x_wconf 87' lang='lat' dir='ltr'><strong>principum</strong></span> <span class='ocrx_word' id='word_1_333' title='bbox 835 4255 967 4306; x_wconf 86' lang='lat' dir='ltr'><strong>conventu</strong></span> <span class='ocrx_word' id='word_1_334' title='bbox 988 4265 1003 4306; x_wconf 84' lang='lat' dir='ltr'><strong>a</strong></span> <span class='ocrx_word' id='word_1_335' title='bbox 1023 4263 1091 4319; x_wconf 82' lang='lat' dir='ltr'><strong>rege</strong></span> <span class='ocrx_word' id='word_1_336' title='bbox 1111 4247 1192 4302; x_wconf 66' lang='lat' dir='ltr'><strong>cele-i</strong></span> 
     </span>
     <span class='ocr_line' id='line_1_41' title="bbox 60 4333 1192 4419; baseline -0.001 -17"><span class='ocrx_word' id='word_1_337' title='bbox 60 4341 137 4403; x_wconf 89' lang='lat' dir='ltr'><strong>brata</strong></span> <span class='ocrx_word' id='word_1_338' title='bbox 164 4345 262 4419; x_wconf 75' lang='lat' dir='ltr'><strong>„sinrnl</strong></span> <span class='ocrx_word' id='word_1_339' title='bbox 289 4351 349 4404; x_wconf 85' lang='lat' dir='ltr'><strong>cum</strong></span> <span class='ocrx_word' id='word_1_340' title='bbox 368 4345 478 4404; x_wconf 86' lang='lat' dir='ltr'><strong>viduata</strong></span> <span class='ocrx_word' id='word_1_341' title='bbox 503 4344 675 4418; x_wconf 86' lang='lat' dir='ltr'><strong>imperatrice</strong></span> <span class='ocrx_word' id='word_1_342' title='bbox 701 4343 834 4402; x_wconf 82' lang='lat' dir='ltr'><strong>llicben&#39;na</strong></span> <span class='ocrx_word' id='word_1_343' title='bbox 854 4344 927 4404; x_wconf 90' lang='lat' dir='ltr'><strong>ultro</strong></span> <span class='ocrx_word' id='word_1_344' title='bbox 952 4363 981 4403; x_wconf 89' lang='lat' dir='ltr'><strong>se</strong></span> <span class='ocrx_word' id='word_1_345' title='bbox 1006 4333 1073 4403; x_wconf 79' lang='lat' dir='ltr'><strong>enas</strong></span> <span class='ocrx_word' id='word_1_346' title='bbox 1090 4340 1192 4401; x_wconf 84' lang='lat' dir='ltr'><strong>ditioni</strong></span> 
     </span>
    </p>
   </div>
   <div class='ocr_carea' id='block_1_8' title="bbox 0 0 1372 4898">
    <p class='ocr_par' dir='ltr' id='par_1_10' title="bbox 0 0 1372 4898">
     <span class='ocr_line' id='line_1_42' title="bbox 0 0 1372 4898; baseline 0 0"><span class='ocrx_word' id='word_1_347' title='bbox 0 0 1372 4898; x_wconf 95' lang='lat' dir='ltr'><strong> </strong></span> 
     </span>
    </p>
   </div>
  </div>
 </body>
</html>
