2722 4898
574 363 789 431 ..15-

750 555 777 599 c.
790 535 821 598 8.
845 535 912 614 „de
932 533 1127 599 divisione
1147 533 1249 598 inter

845 637 1038 717 iratrcs'’;

750 743 820 810 e.9.
844 743 911 823 „dc
932 760 977 806 eo
1000 743 1065 823 qui
1087 743 1174 807 sine
1194 743 1248 806 li-

842 845 951 910 beris
972 846 1170 912 moritur.’'

199 958 285 1032 Quae
296 957 357 1038 jam
371 956 499 1020 ulterius
514 956 544 1018 in
559 953 767 1036 bajuariorum
784 951 856 1035 lege
872 958 1040 1032 sequnntur
1060 969 1077 1014 a
1095 951 1180 1016 titulo
1195 950 1251 1014 XV

105 1080 210 1142 usque
233 1061 273 1124 ad
295 1059 411 1123 titulum
426 1058 483 1121 XX
501 1077 539 1121 ea
558 1076 648 1139 quum
670 1057 919 1139 praecedentium
939 1055 1092 1119 titulorum
1114 1056 1250 1119 materiis

105 1166 271 1230 maximam
294 1171 407 1244 partem
431 1163 613 1226 conveniant
633 1180 734 1242 neque
761 1168 860 1224 tamon
885 1160 949 1224 suis
971 1159 1050 1223 locis
1071 1160 1112 1223 ibi
1134 1160 1249 1224 inserta

106 1270 320 1352 reperiantur,
351 1267 506 1348 probabile
534 1273 583 1330 est
609 1267 773 1349 separatim
800 1264 871 1330 olim
899 1264 1013 1346 scripta
1039 1271 1070 1328 et
1097 1264 1249 1347 prioribus

107 1374 261 1456 deinceps
285 1371 405 1453 adjecta
427 1386 508 1436 esse.
1037 1366 1045 1377 ‘

638 1626 727 1696 VI.

198 1788 361 1851 Videamus
384 1804 465 1850 nunc
489 1804 549 1866 quo
574 1785 661 1848 simili
683 1792 772 1866 paeto
796 1785 926 1849 diversis
956 1786 1024 1848 olim
1051 1805 1091 1849 cx
1114 1786 1250 1866 partibus

106 1894 328 1977 particulisqne
347 1891 425 1972 juris
450 1890 614 1952 communis
637 1889 715 1952 liber
738 1889 887 1965 conflatus
910 1891 959 1968 sit,
975 1895 1124 1971 'quaeque
1148 1910 1187 1952 ex
1210 1910 1249 1953 eo

108 2006 164 2061 ant
186 2002 309 2060 servato
334 2002 388 2058 ant·
406 1995 530 2057 inverso
553 2012 655 2056 rerum
678 1994 787 2056 ordine
811 1995 951 2056 saxonici
973 1995 1041 2057 libri
1059 2002 1118 2057 tam
1137 1996 1250 2075 primus

109 2102 246 2182 scriptor
269 2117 358 2179 qnam
386 2114 463 2161 nnus
493 2098 609 2159 alterve
636 2098 857 2179 superveniens
887 2105 994 2161 auctor
1021 2099 1052 2161 in
1081 2115 1154 2161 suos
1177 2116 1250 2162 usus

108 2203 305 2269 convertisse
332 2208 487 2265 noscatur.
533 2201 577 2262 Ne
607 2207 706 2264 autem
735 2201 870 2282 pluribus
894 2203 997 2266 uerbis
1026 2202 1130 2264 dicere
1155 2221 1251 2286 cogar

109 2325 193 2388 quiae
226 2305 420 2389 paucioribus
454 2304 645 2387 expedienda
679 2313 749 2367 sunt
771 2296 874 2368 'semel
908 2306 967 2368 hoo
1000 2307 1070 2368 loco
1105 2308 1251 2370 monitum

110 2412 261 2492 accipias,
291 2409 341 2472 ubi
371 2408 409 2471 dc
437 2408 583 2471 bavarico
612 2409 661 2472 vel
690 2409 768 2472 libro
791 2409 841 2473 vel
869 2412 1018 2490 scriptore
1049 2413 1249 2490 sermo-erit,

110 2514 342 2596 intelligendum
365 2531 436 2576 esse
454 2511 533 2593 juris
561 2513 727 2578 communis
755 2513 879 2592 librum,
908 2515 960 2594 qui
989 2515 1105 2577 suevici
1135 2516 1250 2595 speculi

111 2617 228 2679 titulum
252 2617 342 2700 gerit,
366 2623 397 2678 et
415 2616 554 2678 saxonici
572 2616 643 2678 libri
658 2615 708 2679 vel
726 2618 884 2698 scriptoris
907 2618 1090 2681 mentionem
1113 2619 1250 2681 similiter

112 2721 152 2782 ad
182 2736 273 2800 opus,
303 2720 385 2801 qnod
413 2718 469 2783 sub
497 2719 615 2801 speculi
640 2721 777 2784 saxonici
806 2721 925 2784 nomine
953 2720 1069 2784 Ecconi
1099 2721 1248 2800 tribuitur,

113 2821 311 2886 referendam
334 2841 415 2888 esse.

199 2927 232 2989 lu
255 2925 333 2990 locis
354 2927 532 3008 laudandis,
561 2927 621 2991 nisi
643 2928 714 3008 qnid
744 2926 825 2990 aliud
847 2934 984 3007 notetur,
1007 2927 1250 3011 lassbergianum

110 3029 248 3092 bavarici
270 3030 340 3093 libri
362 3030 548 3111 exemplum,
580 3038 609 3093 ct
633 3031 772 3094 saxonici
793 3031 863 3094 libri
887 3032 1024 3096 codicem
1046 3032 1249 3111 quedlinbur-

112 3152 241 3216 gensem
263 3153 305 3197 ex
326 3134 459 3198 editione
480 3135 695 3217 gaertneriana
717 3155 765 3198 me
789 3143 927 3199 secutum
950 3135 1114 3201 existimes.

618 3389 739 3461 vn.

198 3549 315 3612 Initium
335 3568 353 3610 a
370 3549 641 3631 Bajuariorum
663 3550 751 3632 lege
774 3551 954 3631 capiendum
973 3559 1030 3630 est,
1054 3553 1139 3633 cujus
1156 3553 1248 3616 titulis

112 3649 236 3713 l—Xll
258 3653 444 3732 respondent
466 3652 605 3717 bavariei
626 3652 695 3715 libri
718 3655 817 3735 capita
841 3655 961 3719 1-85.

423 3856 529 3934 Ircx
552 3854 937 3941 naturarum-um.

134 4007 155 4079 l.
189 4007 232 4080 ttc
253 4007 470 4081 ecclcsiasticis
492 4009 591 4098 robus,
613 4010 650 4083 dc
673 4010 758 4082 libris
779 4012 881 4101 legun
902 4011 1127 4087 institutionum
1148 4035 1225 4107 quac

278 4109 317 4182 ad
338 4110 451 4184 clatum
472 4112 631 4202 pertinent,
653 4130 709 4186 san
731 4114 768 4186 dc
791 4114 986 4188 cccleslarun
1001 4117 1080 4209 jum.

198 4268 232 4333 ln
261 4269 447 4335 conferendo
480 4272 624 4338 bavarioo
657 4281 687 4336 et
721 4275 867 4339 saxonico
899 4276 978 4342 libro
1011 4286 1173 4341 revocatos
1204 4280 1244 4343 ad

112 4369 213 4436 fontes
235 4389 308 4439 suos
329 4375 465 4441 bavarici
493 4376 651 4459 scriptoris
680 4378 766 4445 locos
788 4378 914 4463 primum
942 4380 1101 4462 indicabo,
1130 4382 1248 4461 notatis,
