2722 4898
508 360 660 432 ..par
701 394 747 413 ..

117 539 176 596 bit.
190 539 216 597 b.
243 538 286 595 Ad
300 537 491 612 praecedentia
504 539 602 597 verba:

61 635 125 705 „dc
144 634 331 691 distortione
350 629 436 690 siot.''

117 730 287 802 Proscriptos
309 729 335 783 in
354 728 505 803 principum
525 729 606 786 terris

64 841 156 882 coram
173 823 278 895 judicio
297 823 413 879 civitatis
430 842 508 896 quae,
529 824 605 896 cpis-

63 918 187 991 copalem
217 919 308 974 sedem
337 917 454 997 babens,
487 918 606 990 ejusdem

65 1013 171 1070 ditionis
188 1013 324 1069 civitatum
340 1020 421 1086 caput
435 1012 560 1082 habetur,
580 1012 605 1066 in

66 1107 226 1180 quibuslibet
250 1125 285 1164 ex
306 1123 339 1162 eo
357 1107 461 1178 iudicio
481 1105 606 1179 pendeu-

64 1203 133 1260 tibus
155 1202 214 1258 aliis
229 1200 461 1274 jurisdictionibus
482 1200 606 1256 similiter

65 1297 234 1370 proscriptos
252 1296 372 1367 censeri3
394 1302 488 1352 contra
509 1296 541 1379 ab
560 1290 605 1350 in-

67 1390 159 1447 ieriori
180 1391 274 1462 judice
298 1391 377 1448 latam
400 1389 606 1465 proscriptionis

67 1485 221 1542 sententiam
241 1486 325 1542 nullas
346 1493 424 1543 extra
443 1503 502 1543 eam
520 1485 605 1557 juris·

69 1578 208 1637 dictionem
228 1581 300 1638 vires
320 1582 431 1638 babere.

142 1683 200 1736 bit.
219 1701 242 1736 c.
273 1682 313 1735 Ad
332 1683 411 1736 verba
431 1680 606 1750 praecedentis

101 1765 160 1822 loci:
183 1771 248 1833 „der
264 1769 299 1821 iat
320 1770 349 1821 ia
372 1768 441 1821 allen
459 1769 509 1821 deas
525 1774 606 1819 steten

100 1872 128 1907 se
145 1855 219 1908 celte
234 1858 338 1927 petua?

144 1941 228 2011 Siquis
251 1943 276 1993 in
300 1940 443 1995 civitatibus
463 1937 605 1992 castellisre

98 2028 246 2096 proscriptis
257 2028 419 2096 receptacula
431 2026 554 2095 praebeat
563 2025 607 2079 rel

99 2128 144 2165 eos
165 2115 254 2166 foveat
276 2114 335 2167 dolo
361 2113 442 2180 malo,
472 2125 606 2183 postquam

99 2215 146 2267 per
159 2200 314 2269 quindenam
330 2201 487 2269 proscriptus
505 2201 607 2265 luerint,

99 2283 166 2338 bunc
177 2288 269 2356 culpae
281 2289 379 2341 socium
390 2287 512 2356 reputari3
529 2286 606 2338 iidem

98 2387 161 2425 vero
173 2374 198 2425 ei
208 2373 316 2426 dandam
328 2390 397 2440 esso,
412 2375 456 2444 qui
468 2372 515 2427 sub
522 2372 604 2439 juris-

96 2456 197 2523 jurandi
220 2460 345 2530 religione
365 2468 521 2528 protestetur
538 2460 606 2512 latae

100 2546 292 2614 proscriptionis
310 2549 452 2600 sententiae
467 2564 496 2601 so
510 2545 605 2599 nullam

98 2632 211 2683 notitiam
229 2632 357 2686 babuisse.

144 2717 170 2770 Si
183 2734 245 2770 vero
260 2720 437 2785 semitertius,
454 2726 481 2771 ut
495 2719 543 2770 dici
558 2735 604 2772 so-

98 2802 147 2869 let,
172 2804 262 2872 aliquis
285 2806 434 2874 probaverit
456 2804 516 2857 dolo
536 2804 604 2857 malo

99 2897 124 2940 et
141 2891 251 2942 omnium
276 2891 309 2944 ob
328 2892 417 2945 oculos
438 2892 606 2960 proscriptum

98 2976 235 3030 incivitate
248 2977 356 3047 quadam
368 2978 458 3043 foveri,
472 2986 533 3029 tunc
546 2993 604 3028 mu-

97 3063 208 3116 nitiones
226 3063 311 3130 oppidi
326 3064 468 3129 diruantur3
488 3066 509 3114 si
526 3062 603 3115 nullis

99 3150 207 3202 cinctum
222 3150 255 3201 sit
266 3149 455 3216 munitionibus,
469 3149 547 3202 aedes
561 3149 604 3201 in-

98 3235 189 3287 cendio
200 3244 339 3301 vastentur,
356 3237 391 3287 ita
405 3244 491 3288 tamen
505 3251 539 3287 ne
552 3235 603 3287 bo-

97 3323 187 3387 mines,
204 3321 279 3390 culpa
295 3330 417 3376 vacantes
435 3331 547 3390 peream
576 3321 603 3376 Si

67 3443 158 3451 ·—-—.
167 3447 214 3452 -...
222 3447 269 3453 .....

64 3517 210 3576 institutam
225 3520 294 3593 juris
314 3521 460 3579 communis
479 3510 543 3578 libri
562 3520 693 3578 rationem
713 3520 863 3577 excedebat
882 3519 1128 3577 ecclesiasticarum
1146 3521 1192 3578 di-

63 3614 195 3670 visionum
220 3616 266 3672 illa
292 3617 444 3690 expositio,
471 3633 550 3688 quum
569 3615 707 3688 praelatus
733 3622 793 3672 erat
817 3621 913 3672 auctor
933 3617 996 3688 jura
1020 3616 1146 3673 nonnisi
1165 3617 1193 3672 in

63 3707 193 3765 laicorum
212 3711 280 3766 ioris
300 3712 446 3769 obtinentia
467 3728 496 3768 sa
517 3711 726 3785 compositurnm
746 3727 815 3768 esse.
846 3711 981 3768 Corruunt
999 3711 1089 3783 itaque
1104 3727 1191 3782 quae-

63 3819 167 3874 cunque
187 3821 239 3876 pro
259 3807 387 3865 saxonica
407 3805 511 3882 speculi
530 3805 636 3878 armine
657 3806 822 3877 colliguntur
838 3822 873 3862 ex
892 3806 1021 3877 singulari
1036 3807 1088 3863 bac
1108 3821 1191 3862 saro-

63 3897 183 3953 nicarum
203 3915 293 3956 rerum
314 3902 464 3973 mentione,
491 3918 571 3974 quum
595 3901 756 3958 evidentisse
775 3906 870 3957 contra
890 3906 1019 3973 appareat
1038 3901 1192 3957 saxonicum

56 3993 269 4065 'epitomatorem
294 3995 321 4050 in
345 3995 452 4052 delectu
478 3996 602 4052 iaciendo
626 3995 764 4068 recepisse
784 4010 867 4067 quae,
892 4002 1002 4067 praeter
1023 4012 1082 4052 rem
1101 3997 1191 4052 inter-

57 4087 145 4159 jecta,
166 4088 310 4146 saxoniam
329 4089 486 4161 respiciunt,
504 4091 637 4161 neglectis
656 4106 725 4162 quaa
745 4088 928 4147 meridionalis
943 4089 1099 4146 Germaniae
1119 4089 1191 4146 civi·

60 4187 132 4238 tates
153 4185 387 4254 (Francoiurtum,
407 4184 628 4256 Norimbergam,
647 4185 763 4253 minam)
784 4191 923 4258 spactant,
943 4200 1064 4258 quaecum
1084 4183 1118 4239 ad
1137 4184 1190 4240 ab·

60 4276 220 4334 solvendum
234 4279 403 4353 propositum
417 4286 601 4350 argumentum
615 4278 650 4336 da
663 4279 834 4336 celebrandis
848 4279 933 4350 regiis
946 4281 1028 4337 curiis
1041 4279 1191 4336 desiderari

60 4373 170 4432 omniuo
190 4382 331 4447 nequeunt
