2722 4898
560 341 793 409 ...105-

110 521 206 579 tertius
234 528 263 578 nt
293 518 390 575 dieitur
414 516 592 589 jurejurando
621 535 649 573 se
702 525 761 572 mot
780 516 834 572 anot
853 515 1095 589 entseioldepene

111 617 279 681 innocentem
299 614 466 687 profiteatur.
703 611 787 669 laerre
821 612 910 679 [oder
941 627 994 683 epo
1026 609 1072 666 sin

702 707 816 778 opion
839 700 1028 779 teilipen,’'

752 802 851 872 „Smer
876 798 953 855 selbo
979 816 1017 854 nu
1050 800 1095 856 der

702 896 792 952 niente
809 895 936 969 beciopet
951 893 1024 951 wiri.
1046 896 1095 951 der

702 991 756 1045 daz
774 991 826 1045 hos
843 989 921 1045 nielrt
939 989 1094 1046 ontsckuld

700 1103 735 1141 ne
750 1085 823 1141 trabe
838 1084 899 1139 sict
917 1083 1011 1141 selber
1026 1085 1095 1142 otha

174 1248 178 1256 ¹
702 1174 895 1251 solroldepet.”

167 1277 265 1332 iurare
292 1273 394 1335 volenti
423 1290 476 1330 non
504 1273 653 1344 deferatur,

111 1388 191 1444 quum
207 1371 241 1428 do
257 1370 405 1426 latronibus
417 1370 455 1425 ad
472 1370 529 1440 ejus
546 1369 652 1425 dornnm

110 1464 256 1525 redonibus
280 1482 316 1520 ex
339 1480 446 1536 eorum,
472 1465 517 1537 qni
537 1464 652 1535 vestigia

110 1558 248 1632 persecuti
272 1560 338 1630 sint,
363 1560 522 1617 testimoniis
545 1559 651 1615 consti-

111 1655 183 1712 terit.

138 1767 143 1775 ’
167 1751 241 1807 Bona
262 1750 350 1807 ablata
366 1750 452 1822 judex
467 1751 561 1821 ejusve
580 1767 651 1805 nun-

111 1846 163 1903 tius
179 1851 292 1918 repetat.
323 1845 379 1902 Nisi
394 1846 566 1901 restituantur
582 1860 652 1916 pro-

110 1941 260 1999 scribantur
274 1947 327 1997 tam
342 1940 432 2011 aedes,
452 1957 530 2013 qnam
547 1939 651 1996 aedium
735 1988 738 1994 .

112 2035 248 2108 dominns,
281 2052 425 2109 omnesque
457 2037 502 2109 qni
535 2036 652 2092 incolant

112 2147 174 2202 eas,
194 2131 313 2202 jndicio,
339 2132 408 2186 siout
434 2131 469 2186 de
490 2129 652 2203 proscriptis

112 2224 213 2280 dictum
232 2232 282 2297 est,
302 2225 468 2296 subjiciendi,
701 2228 746 2285 Ὗ·

169 2319 351 2376 Innocentiam
374 2336 510 2376 armornm
531 2319 651 2391 periculo
754 2317 840 2389 „Wei
857 2333 920 2373 men
940 2314 1011 2373 abor
1030 2316 1087 2373 dor

113 2413 268 2471 defensurus
283 2415 388 2471 aedium
404 2415 534 2485 dominus,
555 2430 651 2485 quena-
704 2412 792 2469 re'deo
809 2412 860 2468 mit
875 2410 1003 2482 nampio.
1024 2412 1081 2467 doz

113 2525 216 2580 cunque
247 2510 314 2565 veiit
345 2510 525 2566 testimonium
559 2515 652 2563 contra
705 2507 970 2564 riettonsinlterre
984 2507 1095 2564 odensi

113 2621 142 2660 se
162 2603 254 2661 dicere
278 2610 399 2677 paratum
426 2604 459 2660 ad
481 2603 651 2676 judiciarium
704 2604 796 2660 wodor
806 2601 887 2658 sinen
896 2602 1008 2674 penora.
1025 2603 1095 2658 oder

113 2703 250 2755 certamen
269 2705 412 2771 provocet,
438 2699 567 2770 exeeptis,
588 2699 650 2771 qui-
704 2698 789 2754 nestit
803 2697 831 2753 in
846 2698 921 2754 nodo
936 2696 1041 2754 riettet
1053 2697 1095 2755 da

112 2793 162 2849 bns
183 2793 313 2864 dignitate
334 2794 446 2850 inferior
467 2801 518 2865 est,
531 2801 652 2866 'quornm

112 2886 269 2945 testimoniis
295 2887 447 2945 omnimodo
474 2888 540 2944 fides
570 2889 650 2945 adhi-

112 2981 202 3038 betur.

171 3074 275 3147 Caput
295 3077 360 3134 254.
396 3078 439 3133 ad
464 3077 651 3149 praecedentis

112 3169 206 3242 eapitis
225 3171 324 3226 verba:
351 3171 411 3240 „ist
436 3172 491 3227 doz
515 3189 582 3228 naon
607 3173 652 3229 ein

111 3265 166 3322 Iros
195 3265 368 3339 sotaldeqet.
399 3266 437 3321 do
467 3264 493 3321 si
522 3284 592 3339 roop
619 3266 656 3336 of

95 3414 98 3420 .
111 3356 272 3435 petaeret”:

114 3510 204 3517 —..-
207 3509 317 3516 ........

190 3592 223 3662 1)
252 3593 293 3648 Ex
321 3592 460 3665 proposita
488 3592 611 3649 bavarioi
639 3592 702 3649 libri
732 3592 838 3665 specie,
873 3608 942 3664 qnae
974 3588 1069 3665 incipit

112 3686 202 3759 „vnde
221 3688 254 3743 ist
275 3687 324 3743 dan
344 3704 404 3744 man
424 3688 468 3744 ein
488 3687 536 3743 hus
556 3685 742 3759 sahuldeget''‚
766 3689 871 3745 finalem
894 3687 1069 3759 sententiam,
1089 3704 1095 3760 p

112 3781 212 3853 optimo
237 3781 440 3854 cohaerentem,
470 3798 548 3839 nemo
578 3799 631 3838 non
660 3783 802 3854 intelligit,
832 3782 977 3839 arbitrario
1003 3782 1049 3838 hio
1073 3799 1090 3840 a

113 3876 247 3948 soriptore
266 3877 294 3932 in
315 3879 476 3934 contrarium
497 3894 600 3934 sensnm
620 3894 775 3949 perversam
797 3878 927 3934 exhiheri.
968 3878 1050 3934 Unius
1070 3894 1095 3935 er

112 3970 151 4026 ris
171 3970 198 4027 in
218 3971 348 4029 bavarioo
368 3973 468 4045 scripto
488 3978 560 4028 sunt:
584 3973 649 4043 „hat
669 3990 727 4029 man
749 3974 814 4029 aher
835 3973 896 4029 dem
916 3975 1003 4030 rovhe
1023 3974 1093 4031 naon

112 4070 175 4121 vnta
194 4065 226 4123 ri
242 4067 292 4122 dan
312 4068 368 4124 hus.
395 4068 444 4124 daz
465 4085 497 4123 ez
517 4068 574 4123 also
594 4068 624 4123 si.
653 4067 706 4123 dio
731 4067 847 4139 legant
868 4068 927 4124 den
947 4069 1070 4127 wirtes

112 4156 189 4216 hin''
216 4166 243 4216 et
268 4161 334 4231 „wit
359 4163 425 4219 aber
451 4163 501 4219 der
525 4164 597 4233 burg
626 4162 708 4217 herro
738 4162 777 4217 sin
805 4162 855 4219 hus
885 4151 1025 4221 erweren'
1041 4163 1090 4221 mit

114 4269 150 4310 so
175 4255 223 4311 sol
251 4272 287 4312 er
313 4257 371 4313 der
398 4258 506 4315 einero
532 4258 585 4314 die
610 4257 690 4312 hant
712 4258 773 4313 aba
798 4258 930 4316 ziehen.
959 4260 1015 4318 die
1041 4260 1082 4317 da

112 4349 268 4411 weilon.''
