2722 4898
513 372 747 438 ..241-

125 544 234 618 caput
255 543 318 601 let.
358 543 468 600 Electus
491 545 605 618 adpari·
708 547 844 616 „Samae
859 547 906 604 die
925 549 1006 607 aelate
1020 565 1110 609 arone
1124 551 1196 611 boda

61 646 110 695 tor
126 641 245 710 juratam
270 639 331 711 regi
354 638 509 696 tidelitatem
534 655 604 715 pro-
657 657 715 698 eon
729 642 808 698 deme
826 643 949 701 etaltera
969 645 1056 712 [code
1070 662 1129 704 con
1140 649 1196 706 dea

61 733 161 790 mittat.
657 735 789 807 aedepec]
805 737 930 809 patorem
944 738 1016 796 utre.
1037 757 1071 799 ac
1086 741 1196 800 sotter

62 969 139 1040 olim,
159 973 253 1041 postea
268 946 402 1038 juniores,
421 965 478 1023 sive
500 983 592 1023 vassos
613 969 738 1025 comitum
759 971 904 1044 spectabat.
939 970 1086 1046 Praecipue
1107 973 1194 1047 adpa-

60 1062 156 1118 ritoris
179 1077 291 1118 munere
317 1061 479 1132 fungebatur
506 1063 657 1118 vicecomes
686 1070 731 1119 aut
757 1063 862 1121 comitis
888 1064 1020 1137 vicarius,
1051 1084 1085 1122 ex
1110 1068 1195 1125 vassis

60 1155 299 1229 regiiscoustitui
322 1155 433 1226 solitus,
458 1157 533 1227 cujus
559 1156 586 1212 in
612 1156 699 1212 locum
726 1165 820 1231 postea
845 1161 880 1215 ob
905 1159 1065 1230 exigendam
1089 1162 1196 1232 regiam

61 1252 222 1306 muletarum
243 1257 347 1322 partem
366 1251 493 1306 successit
509 1252 594 1321 judex
613 1252 711 1307 fiscalis
750 1254 795 1325 qni
816 1251 882 1309 alias
901 1253 1067 1324 „scultetus”
1087 1254 1195 1326 dicitur,

61 1360 195 1416 quemque
213 1344 284 1399 banc
302 1344 450 1416 respiciens
474 1344 691 1402 consuetudinem
711 1349 870 1419 plerumque
897 1345 1034 1404 substituit
1052 1349 1195 1406 saxonicus

61 1441 192 1512 scriptor,
211 1439 257 1494 uhi
278 1438 312 1494 do
332 1437 495 1510 adparitoris
515 1439 606 1495 officio
626 1441 653 1495 in
673 1441 803 1497 bovarico
823 1441 894 1497 libro
914 1458 1004 1499 sermo
1024 1448 1072 1499 est.

139 1535 168 1589 lo
189 1533 278 1588 causis
291 1549 359 1617 uero
380 1531 414 1587 ad
433 1533 507 1603 regis
528 1533 664 1606 palatium,
684 1540 712 1589 ιι
727 1536 925 1607 judicarentur,
945 1535 1041 1592 delatis
1055 1553 1195 1610 exequen-

61 1630 113 1685 dae
134 1628 281 1683 sententiae
302 1627 418 1683 officium
439 1627 473 1682 ad
494 1627 589 1697 regiae
609 1628 720 1684 militiae
736 1629 911 1701 praelectum,
931 1646 978 1685 seu
995 1631 1113 1701 equilum
1134 1649 1195 1688 ma-

61 1725 178 1796 gistrum
198 1723 346 1793 spectabat,
366 1723 440 1792 cujus
461 1723 487 1776 in
507 1738 541 1777 eo
562 1739 672 1778 munere
692 1724 781 1779 locum
795 1721 889 1796 postea
905 1722 984 1793 regni
998 1722 1195 1793 „marescalci”

60 1819 252 1887 obtinuerunt,
277 1823 304 1871 et
323 1816 475 1871 novissimis
495 1818 661 1888 temporibus
681 1818 832 1890 principes,
857 1832 969 1888 quorum
993 1817 1027 1873 ad
1048 1825 1195 1875 conventus

60 1930 112 1986 per
133 1912 254 1983 singulos
274 1910 380 1982 imperii
400 1917 429 1965 ut
449 1910 589 1967 dicebatur
604 1911 722 1968 circulos
735 1911 872 1969 habendos
886 1911 1054 1967 convocandi
1071 1913 1115 1983 jus
1135 1918 1195 1968 erat

61 2006 122 2074 (die
143 2006 458 2062 kreisaussehreibenden
479 2005 621 2075 fnersten).
663 2004 702 2061 Gi.
724 2022 749 2061 s.
770 2005 1033 2076 Senckenberg,
1059 2006 1192 2062 Abbandl.

60 2117 114 2157 von
136 2100 186 2157 der
205 2100 314 2155 kaiserl.
335 2100 481 2155 boecbsten
502 2099 745 2170 Gericbtsberkeit,
765 2102 792 2166 §.
809 2099 855 2157 16.

137 2196 197 2251 lam
217 2195 285 2251 sicut
304 2195 467 2250 notissimum
481 2202 531 2265 est,
551 2196 692 2250 comitibus
706 2194 753 2249 sub
768 2194 950 2264 carolingicae
971 2195 1063 2267 stirpis
1078 2195 1194 2267 tegibus

58 2290 221 2346 muletarum
240 2290 365 2346 trientem
386 2290 565 2361 competiisse,
585 2277 689 2345 bessem
704 2304 770 2344 vero
790 2290 817 2344 in
835 2288 941 2360 regium
959 2264 1192 2438 decempon-

59 2385 123 2441 dum
143 2384 234 2454 luisse,
255 2385 291 2439 ita
306 2384 423 2439 dubitari
437 2383 484 2439 vix
497 2383 608 2456 poterit,
628 2384 743 2456 aliquam
763 2384 917 2456 priusquam
938 2399 971 2439 aa
990 2382 1062 2456 parti
1085 2380 1194 2439 olleret

60 2486 176 2536 exactae
196 2480 310 2535 mulctae
331 2485 435 2551 partem
456 2478 597 2535 deductam
618 2494 689 2548 esse,
709 2484 738 2532 ut
758 2477 921 2550 adparitoris
941 2479 1121 2533 emolumento
1140 2493 1192 2549 ae-

59 2574 146 2631 deret.
188 2574 217 2630 ld
238 2575 323 2647 ipsum
344 2573 484 2628 coufirmat
506 2574 550 2643 jus
576 2572 737 2644 municipale
757 2571 914 2627 saxonicum
935 2571 1050 2627 articulo
1070 2570 1123 2641 46,
1147 2544 1242 2659 ubst,
1317 2592 1342 2633 ,ι

59 2676 171 2743 praeter
190 2668 271 2724 trium
297 2668 427 2723 librarum
453 2667 592 2735 mulctam,
618 2666 691 2720 arcis
716 2665 809 2720 comiti
834 2665 988 2721 solvendam
1008 2668 1116 2720 notatur
1135 2662 1247 2741 trup':1

59 2763 170 2832 solidos,
191 2763 209 2819 i.
224 2779 247 2818 e.
263 2762 419 2817 vicesimam
439 2762 520 2817 totius
541 2759 656 2815 mulctae
671 2765 776 2832 partem
794 2757 965 2830 competiisse
984 2757 1109 2813 sculteto.
1139 2754 1218 2811 tlt--

59 2859 131 2914 nime
150 2857 215 2913 binc
233 2856 386 2913 mirandum.
401 2856 481 2925 toret,
501 2856 524 2911 si
537 2870 568 2910 re
582 2869 674 2910 eoram
687 2852 763 2931 regis
779 2852 907 2909 tribunali
924 2851 1044 2922 judicata
1063 2850 1193 2920 majorem

61 2954 98 3008 ob
118 2951 277 3022 dignitatern
297 2949 404 3023 imperii
424 2949 563 3022 adparitor
584 2948 715 3005 decimam
735 2947 849 3002 mulctae
869 2943 989 3019 partem,
1014 2943 1041 3000 id
1062 2950 1103 3000 est
1122 2943 1193 3000 alte-

60 3064 120 3104 rum
132 3045 286 3104 tantundem
300 3045 446 3115 habuisset,
467 3042 538 3115 quod
558 3043 585 3098 in
604 3041 816 3114 provincialibus
832 3039 1064 3111 jurisdictionibus
1079 3036 1193 3094 consedi

62 3141 176 3197 sculteto
196 3139 309 3196 solebat.

138 3235 212 3291 Hanc
233 3234 375 3306 antiquitus
395 3233 519 3288 traditam
541 3231 756 3289 cousuetudinem
774 3229 886 3302 respicit
901 3229 997 3302 procul
1011 3227 1092 3283 dubio
1105 3227 1193 3282 bara-

62 3330 113 3386 rici
134 3329 198 3384 libri
220 3334 299 3400 caput
320 3327 385 3397 126,
407 3327 449 3383 uhi
471 3327 577 3382 videtur
599 3326 663 3381 olim
683 3324 812 3396 scriptum
833 3324 927 3378 luisse:
949 3321 1047 3392 „Smer
1064 3333 1114 3374 scr
1133 3318 1193 3374 dem

61 3425 137 3479 ricbe
158 3424 221 3479 wirt
245 3421 411 3478 verurteilet.
438 3422 507 3476 uber
534 3421 585 3475 deu
610 3420 650 3475 sol
675 3417 780 3474 nieman
805 3416 910 3472 riebten
936 3428 997 3467 wan
1022 3410 1073 3466 der
1098 3412 1192 3467 recbto

62 3500 245 3574 trone‘botte.
265 3515 336 3571 vnde
357 3517 392 3570 ist
412 3515 464 3569 sin
484 3514 554 3569 reht.
576 3514 632 3568 alse
651 3514 727 3568 einer
746 3511 809 3568 nivo
828 3523 939 3566 mannen
955 3506 1023 3561 oder
1037 3505 1128 3561 wiben
1141 3504 1193 3561 dan

63 3613 99 3685 lip
113 3612 240 3684 genimot.
262 3626 294 3666 so
315 3610 349 3664 ist
369 3608 417 3664 der
438 3607 559 3663 rebende
580 3607 628 3663 sin.
650 3606 701 3662 deu
722 3606 779 3662 lose
799 3618 858 3660 man
871 3616 924 3659 von
940 3600 977 3656 im
993 3599 1049 3654 alse
1065 3615 1097 3654 es
1112 3604 1193 3655 statte

63 3723 95 3762 an
114 3706 149 3762 im
171 3699 287 3774 vinde'’3
314 3704 332 3759 i.
353 3721 378 3759 e.
399 3703 480 3758 vitam
500 3701 540 3757 illi
560 3701 692 3758 concedat
717 3699 840 3754 mulctam
866 3701 1043 3769 percepturus
1067 3694 1090 3749 si
1114 3694 1192 3764 ejus·

64 3802 134 3857 modi
154 3815 234 3856 causa
254 3798 297 3868 sit,
317 3804 347 3852 ιιι
359 3797 474 3869 pecunia
488 3796 630 3868 capitalem
650 3791 806 3850 senteutiam
826 3787 922 3845 redimi
937 3803 1019 3861 posse
1036 3786 1192 3842 arbitretur.

64 3896 120 3951 Non
132 3893 286 3950 indiscrete
306 3892 374 3947 enim
395 3891 541 3947 sententiae
562 3884 752 3944 executoribus
768 3899 820 3957 pro
837 3882 983 3939 avertenda
997 3880 1092 3954 capitis
1105 3895 1192 3952 poena

64 3989 202 4062 pecuniam
229 3987 354 4059 accipere
379 3985 485 4040 licuisse
513 3982 603 4038 Caroli
625 3983 680 4051 jam
710 3977 800 4048 magni
825 3975 1058 4033 constitutionibus
1087 3979 1194 4029 cautum

66 4089 139 4152 erat,
160 4098 184 4137 v.
200 4097 223 4136 o.
246 4081 271 4135 in
292 4079 396 4135 statutis
417 4078 451 4132 ad
471 4074 708 4147 Langobardorum
728 4075 816 4142 legem
837 4070 949 4142 adjectis
969 4084 1037 4125 anno
1057 4064 1112 4122 801
1136 4065 1192 4121 cd

67 4177 168 4243 (Pera
187 4176 221 4245 ll,
241 4174 306 4239 84);
334 4173 383 4242 „Si
404 4170 462 4241 quis
482 4170 611 4225 latronem
632 4173 721 4222 morte
739 4165 858 4235 dignum,
879 4163 949 4223 sibi¹
965 4163 1005 4218 ad
1025 4160 1192 4218 occiden-

67 4269 135 4325 dum
159 4267 342 4338 traditum,
367 4263 519 4323 servaverit
542 4270 569 4319 et
589 4263 670 4319 vitam
690 4261 802 4331 indigno
821 4259 998 4328 concesserit,
1023 4254 1193 4312 medietatem

67 4362 152 4421 damni
173 4370 285 4439 propter
305 4361 378 4437 quod
397 4358 510 4418 traditus
530 4364 586 4431 est,
611 4354 782 4430 componat.''
817 4353 1027 4431 constitutiones
1045 4347 1192 4422 aquisgrae

955 4459 989 4515 16
