2714 4898
531 342 769 407 ...239-

146 518 257 602 [Caput
272 517 360 594 1241.
389 517 505 602 Regem
522 516 625 598 capitis
732 516 829 594 ,Alce
857 536 896 579 nc
922 515 1023 578 moab·
1040 515 1127 578 deme
1153 513 1213 577 tcu-

94 645 172 689 reum
190 625 258 687 fieri
280 641 341 686 non
359 638 461 702 posse,
485 621 626 700 quamdiu
677 623 770 703 nimpe
784 622 908 685 nieman
923 640 966 682 nn
980 621 1031 682 sin
1045 618 1110 699 opta
1122 637 1214 697 spre-

92 727 233 809 imperiali
268 725 412 807 dignitate
450 743 505 805 per
538 724 625 804 prin·
678 725 764 788 oben.
779 721 1108 806 praemeditantem
1118 739 1214 784 coreo

91 836 185 912 cipum
214 830 395 892 sententiam
425 835 534 890 exutus
564 845 625 889 non
676 830 733 890 mit
747 828 874 890 ordeten
890 825 1052 888 cirteitit.’'

91 935 187 1000 tirerit.

142 1035 392 1116 Quotiescunque
411 1033 449 1098 de
467 1035 551 1118 regis
567 1052 625 1096 ca-

91 1143 145 1224 pite
169 1146 222 1203 aut
240 1139 384 1222 dignitate
405 1145 524 1220 agatur,
547 1154 622 1199 sen-

91 1244 207 1308 tentiam
248 1242 329 1304 ferre
371 1242 481 1304 nemini
517 1241 640 1319 licere‚.

91 1348 224 1428 exceptis
250 1345 339 1428 regni
362 1344 556 1436 principibus.
590 1344 622 1407 ln

91 1450 270 1534 pecuniariis
289 1455 388 1511 autem
406 1448 508 1511 causis
526 1454 556 1510 et
573 1447 623 1510 ubi

91 1555 122 1619 te
150 1553 268 1635 imperii
289 1551 377 1615 bonis
406 1568 500 1617 causa
522 1552 623 1613 venti·
710 1534 712 1541 ’

91 1665 173 1736 etur,
201 1655 344 1720 nobilium
368 1673 500 1737 quoque,
525 1655 623 1717 comi-

91 1781 143 1827 um
162 1767 195 1823 et
210 1757 327 1842 imperii
349 1759 472 1823 militum
493 1765 622 1848 senten-

91 1866 139 1929 aias
164 1863 355 1947 colligendas
377 1880 457 1928 esse.

137 1968 255 2041 Propria
267 1984 313 2023 suo
327 1968 398 2024 bona
413 1969 527 2024 electum
544 1969 623 2040 regni

91 2063 147 2120 isco
163 2062 265 2118 inferre
280 2079 377 2137 posse3
399 2063 554 2136 superstites
570 2081 622 2119 ou-

91 2175 135 2214 em
154 2156 257 2214 liberos
277 2157 304 2213 in
323 2158 397 2213 bisce
413 2159 490 2227 bonis
512 2159 537 2214 ei
556 2175 621 2214 suc-

91 2251 192 2323 cedere,
211 2269 290 2323 quum
306 2253 332 2309 in
345 2253 452 2326 imperii
466 2253 542 2309 bonis
558 2253 622 2308 nibil

90 2346 146 2403 uris
173 2345 207 2402 ad
231 2363 279 2403 eos
302 2354 431 2404 transeat.
450 2375 453 2378 ·
471 2347 500 2405 Si
521 2349 622 2419 absque

90 2441 173 2498 iberis
199 2457 250 2496 rex
276 2443 437 2514 decesserit,
467 2459 516 2498 nec
543 2443 622 2514 regni

91 2539 145 2592 isco
166 2536 237 2592 bona
258 2554 306 2592 sua
326 2536 455 2607 intulerit,
476 2539 533 2609 ejus
550 2553 620 2609 pro·
671 2550 674 2557 ·

91 2629 237 2702 nequiores
269 2631 383 2688 heredes
416 2632 443 2688 in
473 2632 526 2687 ittis
555 2649 620 2687 suc·

91 2725 188 2781 tedere.
923 2768 928 2775 -
1164 2726 1208 2793 *it

135 2819 275 2902 Caput
307 2820 378 2886 125.
432 2820 466 2883 In
500 2824 617 2904 capitati
723 2823 790 2887 Art.
808 2824 879 2896 too.
912 2824 1038 2899 „Ueber
1056 2821 1114 2884 der
1131 2839 1208 2885 cor·
1260 2890 1262 2895 ,

91 2941 173 2986 :ausa
204 2924 294 3006 regni
331 2925 483 3006 principes
518 2928 617 2989 nemi·
670 2937 738 2992 cten
768 2929 832 3009 ttptc
862 2929 943 2990 unde
971 2930 1003 2990 ἐν
1030 2933 1142 3008 posunt
1168 2946 1207 2988 ne

91 3045 145 3090 tem
180 3026 294 3089 babere
323 3026 457 3109 judicem
486 3039 617 3112 excepto
669 3040 733 3095 mitt
759 3052 870 3095 nemon
898 3034 1033 3099 metatore
1060 3032 1112 3093 sin
1136 3048 1208 3092 mccc

91 3147 162 3213 ege.
412 3124 415 3131 ’
510 3178 512 3185 -
670 3137 727 3199 der
749 3137 896 3216 boniop.”

130 3232 227 3295 Extra
244 3234 414 3317 germanici
433 3239 523 3319 regni
541 3237 616 3300 fines

93 3334 269 3399 iniecturus
298 3354 355 3400 rex
386 3339 498 3401 indicet
528 3342 616 3421 prin-
707 3378 710 3388 ·

92 3440 173 3520 ipum
207 3440 368 3504 concilium
403 3443 434 3504 in
468 3432 643 3507 consueto

93 3542 205 3606 uodam
220 3543 290 3606 loco
307 3545 532 3625 celebrandum,
557 3548 616 3609 ibi-

93 3665 132 3709 ue
150 3646 251 3708 comiti
267 3646 398 3726 palatino
412 3648 511 3711 Rheni
526 3669 615 3712 man-

91 3757 122 3812 et
140 3749 384 3831 jurisdictionem
405 3769 490 3815 suam
508 3755 540 3828 in
557 3774 615 3817 ca-

90 3854 210 3927 itolibus
225 3855 394 3935 principum
408 3857 508 3921 causis
514 3880 532 3936 3.
541 3859 614 3920 nut-

91 3976 128 4021 im
159 3975 234 4022 vero
268 3959 398 4038 palatino
432 3961 475 4025 itli
509 3964 612 4026 comiti

91 4060 218 4136 jusmodi
247 4062 488 4142 jurisdictionem
519 4083 643 4127 com-·

91 4192 276 4201 -m

91 4259 214 4318 eminetis
231 4240 405 4334 criminibus,
425 4263 547 4336 capitatis
566 4263 698 4322 sententia
717 4265 744 4320 in
759 4281 812 4323 eos
833 4265 901 4323 ferri
922 4267 1057 4339 nequisset
1076 4269 1126 4327 nisi
1147 4272 1200 4329 toto

91 4357 141 4415 ius
155 4357 302 4430 -seutentia,
322 4375 374 4433 qua
393 4357 511 4432 genuino
531 4376 580 4418 suo
596 4360 660 4436 jure
679 4359 859 4434 privarentur.
938 4397 941 4404 ·
