2722 4898
531 333 747 399 ..40-

131 499 168 553 lie
188 498 328 555 usufructu
346 500 379 556 ad
400 501 516 574 plurium
542 522 610 576 per-

80 607 195 648 sonarum
215 593 298 649 vitam
318 595 504 653 concedendo.

128 687 213 742 Bona>
227 688 426 745 usufructuario
451 693 524 765 jure„
540 709 611 749 con<

74 797 145 836 cessa
164 797 218 837 nou
238 781 377 838 alienanda
394 785 497 840 esseio
516 802 610 842 eorum

72 875 163 946 quibus
184 875 345 933 succedendi
365 877 411 947 jus
436 885 476 935 est
494 882 608 951 praeju-

71 968 166 1024 dicium
188 987 211 1026 e.
228 987 252 1041 q.
269 988 289 1026 s.
304 987 326 1027 r.

124 1061 233 1136 Caput
249 1063 295 1120 37.
321 1065 403 1120 Finiri
417 1067 608 1124 usumfructum

67 1157 239 1213 beneficiario
253 1158 439 1214 constituentis
451 1162 514 1230 jure
527 1179 608 1218 reso-

64 1252 130 1322 luto,
150 1252 330 1309 salvatamen
350 1253 541 1310 usufructuarii
561 1257 606 1310 in-

63 1346 208 1402 demnitate
235 1347 279 1402 cui
303 1347 337 1403 de
350 1347 496 1404 ·evictioue
521 1365 606 1420 prac-

66 1441 156 1497 standa
177 1447 284 1497 cantum
304 1441 393 1497 luerit.

121 1535 243 1616 Caput
261 1534 314 1599 38.
355 1536 557 1617 Postbumum‚
580 1541 606 1601 si

68 1639 170 1700 virens
188 1645 278 1701 natus
295 1639 343 1715 sit,
366 1640 443 1717 patri
460 1638 603 1702 heredem

68 1740 251 1818 succedere,
280 1741 348 1820 ipso
366 1741 519 1822 deinceps
543 1742 602 1805 de-

69 1841 174 1922 functo,
195 1845 261 1924 ejus
277 1844 365 1904 matri
381 1842 529 1906 obvenire
544 1845 604 1906 be-

69 1945 231 2026 reditatem,
260 1947 399 2009 militaria
422 1953 521 2008 autem
542 1947 603 2009 be-

70 2047 170 2112 neficia
194 2049 233 2112 ad
251 2043 471 2112 concedentem
489 2050 604 2112 reverti

70 2151 159 2225 (conf.
172 2152 223 2233 jus
242 2150 324 2214 laud.
341 2158 431 2230 caput
447 2149 517 2224 38).

114 2254 157 2310 Ga
165 2260 225 2327 put
237 2253 281 2310 39.
297 2253 340 2309 Ad
352 2253 449 2335 capitis
459 2236 602 2309 diverba:

66 2347 128 2418 „ter
147 2365 180 2404 en
201 2349 253 2404 der
269 2346 355 2403 berre
376 2349 412 2404 dc
433 2365 466 2404 er
483 2347 529 2404 dic
548 2346 603 2404 tite

65 2442 121 2498 teob
140 2442 313 2516 yediaqet
329 2436 396 2498 -”.·

112 2535 264 2592 Heredibus
294 2534 393 2590 cedere
423 2534 500 2590 bonis
529 2526 602 2591 nulla

61 2631 252 2687 interveniente
268 2629 369 2701 judicis
386 2629 546 2685 auctoritate
562 2629 600 2685 li-

60 2741 132 2796 cere‚
150 2725 189 2780 ita
204 2730 293 2780 tamen
310 2729 339 2778 ut
353 2722 489 2779 dimidium
507 2741 602 2796 agrum

59 2818 156 2875 cedens
173 2817 298 2889 retincat,
318 2817 388 2873 unde
404 2817 519 2889 publicis
540 2835 600 2873 mu-

57 2913 165 2969 neribus
183 2911 304 2967 latislieri
326 2911 425 2984 possit3
449 2911 497 2966 sed
514 2919 541 2967 et
556 2912 601 2967 in-

55 3007 127 3080 tegri
141 3006 247 3080 praedii
264 3005 451 3063 alienationem
466 3005 531 3062 licet
548 3021 601 3062 non

55 3100 240 3158 consentiente
262 3099 356 3174 judice
376 3105 461 3155 ratam
483 3116 556 3171 esse,
578 3100 601 3154 si

54 3195 136 3252 modo
156 3194 191 3250 de
211 3192 326 3267 publicis
345 3194 461 3249 servitiis
481 3195 598 3249 aberc-

54 3290 133 3347 dibus
160 3289 329 3362 praestandis
353 3293 481 3343 caueatur
508 3289 600 3357 („eod

54 3385 133 3442 dierat
154 3385 241 3456 [leget
263 3383 370 3456 dioqet]
393 3381 462 3438 uber
482 3399 515 3439 ar
536 3382 598 3438 deor

52 3479 146 3535 ribter
165 3479 210 3533 sia
230 3477 294 3533 rcbt
313 3492 347 3532 aa
363 3471 470 3544 -’'¹).
494 3490 501 3501 ·

710 1539 776 1603 Art.
785 1541 835 1602 20.
850 1529 924 1617 ‚guo
935 1554 1089 1608 ceroemet
1100 1567 1196 1610 omme

657 1662 715 1722 eyn
743 1643 825 1723 wipb
851 1644 890 1705 de
916 1665 1062 1728 swouqer
1084 1651 1127 1713 ist
1153 1671 1196 1714 ou

655 1746 720 1806 ires
742 1764 869 1808 moooes
892 1748 1040 1820 tode''¹).

710 2538 771 2592 Art.
792 2537 838 2595 21.
872 2538 956 2608 „Aac
979 2542 1028 2596 des
1053 2541 1191 2598 metatores

654 2630 732 2689 orlob
746 2627 813 2687 -.”

1182 3298 1352 3457 Q

1252 3432 1313 3509 ὃ,

113 3687 116 3691 ν
134 3648 165 3716 1)
187 3649 266 3703 Plura
287 3647 411 3704 adhunc
432 3647 520 3704 locum
541 3645 720 3702 additamenta
740 3644 884 3701 saxonicus
906 3645 975 3702 liber
996 3645 1091 3717 offert,
1118 3664 1187 3721 quae

51 3761 103 3800 nec
125 3742 270 3800 bavaricus
288 3741 360 3796 liber
380 3743 471 3812 habet,
492 3758 542 3797 nec
556 3742 761 3797 Alamannorum
780 3740 825 3794 lex
846 3740 899 3808 (tit.
915 3738 957 3795 ed.
969 3739 1077 3795 Walter
1089 3741 1185 3812 xcll),

51 3855 133 3910 quam
153 3837 296 3893 bavaricus
317 3836 434 3908 scriptor
455 3835 563 3892 videtur
584 3841 689 3890 secutus
710 3849 776 3889 esse.
814 3835 950 3890 Pertinent
971 3849 1017 3888 eo:
1046 3833 1070 3890 1.
1086 3836 1184 3892 verba:

49 3931 143 4003 „unde
168 3931 225 3986 siclr
245 3930 356 3987 barbati
376 3930 453 3987 wiaet
480 3946 513 3985 uu
538 3930 587 3985 der
612 3926 719 3998 begrait
746 3927 812 3982 oder
838 3944 871 3982 nu
897 3926 957 3982 dam
978 3927 1184 4002 drittcgisten'';

49 4027 77 4083 2.
90 4026 191 4082 verba:
207 4024 298 4096 „unde
312 4024 402 4082 brickt
415 4024 440 4079 al
454 4023 572 4095 gedinge
586 4037 619 4076 an
633 4021 682 4076 des
696 4027 785 4076 vaters
798 4020 867 4078 lene.
882 4026 955 4076 u'cut
968 4021 993 4076 iz
1007 4021 1103 4077 levede
1116 4023 1185 4078 nacb

49 4120 98 4175 des
116 4126 194 4175 vater
209 4115 308 4189 tode''3
329 4119 355 4175 3.
371 4119 467 4174 verba:
488 4116 565 4186 „also
585 4129 652 4186 grou
673 4114 722 4170 dan
742 4116 767 4170 iz
783 4113 924 4187 lipballicb
944 4115 1051 4170 moehte
1064 4112 1184 4171 wesen.''

129 4214 161 4282 2)
183 4214 264 4269 Deest
284 4214 311 4268 in
331 4212 458 4269 suooico
472 4211 534 4266 loco
546 4209 614 4266 baec
630 4209 756 4281 clausula,
777 4225 828 4281 qua
842 4215 921 4281 caput
935 4209 1056 4265 baumici
1069 4209 1133 4265 libri
1146 4208 1183 4265 39

49 4305 173 4381 ejusdem
192 4307 255 4365 libri
276 4307 358 4383 capiti
378 4305 415 4362 3⁷
437 4303 614 4361 connectitur.

961 4410 979 4464 4
