2722 4898
512 338 725 404 ..03.„

58 516 128 575 vitiis
148 520 254 572 utantur
271 516 404 588 mancipia
423 530 523 571 revera
542 531 594 571 oon

57 612 170 684 ipsorum
184 627 256 682 esse,
266 611 314 666 sed
328 610 503 665 ecelesiarum
514 609 594 681 prin-

58 707 177 779 oipumve
192 706 287 777 quibus
302 712 329 760 et
343 705 393 775 ipsi
407 704 542 760 obediant.

112 834 219 907 Caput
233 834 270 889 69
288 833 322 889 ad
335 833 431 904 eapitis
445 832 483 888 68
497 833 593 888 verbo:

55 931 130 1002 ‚mlle
151 930 329 986 dienstmonn
343 924 411 984 -”.·

111 1042 261 1098 Servorum
274 1054 385 1097 numero
399 1056 452 1096 non
464 1041 595 1111 reputari,

55 1137 100 1208 qni
119 1135 223 1207 magnis
239 1141 353 1206 quatuor
371 1135 521 1206 principum
542 1141 595 1190 tam

55 1230 302 1287 eeclesiastioorum
313 1246 390 1301 quam
401 1230 529 1285 laieorum
543 1229 596 1284 mi-

54 1326 172 1382 nisteriis
197 1325 357 1396 iungentur,
382 1324 400 1380 i.
420 1341 443 1380 e.
471 1323 597 1395 dapiferi,

54 1419 153 1476 stabuli
174 1419 289 1491 comitis,
309 1419 410 1475 aerarii
428 1418 549 1475 custodis
569 1423 596 1473 et

53 1517 216 1587 pincernae3
249 1515 379 1585 ejusmodi
406 1515 475 1570 enim
504 1514 595 1569 servi-

54 1609 92 1665 tia
108 1609 273 1682 praecipuae
290 1610 427 1682 dignitatis
446 1609 596 1664 hominibus

56 1704 246 1762 committendo
264 1722 336 1774 esse3
358 1704 471 1776 denique
492 1702 596 1759 menoi-

56 1800 101 1871 pia
119 1798 243 1855 habenda
262 1800 374 1855 oonoedi
395 1799 488 1854 liberis
503 1797 595 1853 homi-

57 1895 147 1963 uibus,
174 1910 286 1965 qnorum
310 1895 424 1965 maiores
444 1892 525 1964 quive
545 1891 595 1963 ipsi

60 1994 200 2062 spontanea
226 1989 376 2060 principum
397 1988 526 2060 obsequia
551 1987 595 2041 in-

60 2085 195 2141 traverint.
227 2083 375 2139 Servorum
395 2082 517 2139 dominos
536 2098 597 2137 esso

66 2186 184 2252 oportere
200 2180 246 2235 rel
265 2178 383 2234 illustres
399 2179 444 2235 vel
465 2177 597 2250 equestris

67 2275 169 2347 originis
189 2288 326 2346 personas.

112 2403 215 2477 Caput
230 2402 267 2460 70
280 2402 329 2459 lit.
341 2419 365 2459 a.
384 2403 481 2474 Magna
491 2400 596 2474 prinei-

70 2512 120 2568 pum
132 2498 221 2554 ollloiu
235 2497 363 2569 subjeotis
374 2497 505 2569 quondam
517 2496 596 2570 prin·
668 2500 671 2505 '

72 2592 161 2664 cipibus
174 2593 313 2663 anulisque
325 2592 438 2648 oliorum
448 2592 598 2664 principum

71 2687 269 2756 possessionibus
282 2685 416 2757 originem
430 2686 538 2742 debere.

143 2797 170 2849 ln
194 2796 276 2848 libere
303 2795 458 2848 militantium
484 2794 599 2848 ordinem

97 2900 142 2934 uon
153 2884 298 2951 promoveri
312 2884 424 2951 equitum
437 2883 596 2952 originarios,

97 2969 215 3021 translatis
234 2984 322 3019 eorum
344 2969 369 3019 in
390 2969 515 3036 principes
539 2984 597 3021 ser-

98 3055 164 3105 vitiis.

116 3157 243 3214 Similiter
277 3175 312 3214 ex
346 3158 496 3232 principum
528 3160 596 3215 snb-

65 3251 215 3321 jeotionilous
231 3253 352 3325 regalem
369 3259 455 3311 ortam
470 3270 527 3309 esse
543 3269 597 3327 po-

67 3347 175 3403 tentiam.

117 3475 221 3549 Caput
246 3476 284 3533 lo
307 3476 355 3533 lit.
383 3476 409 3532 b.
454 3476 598 3533 lllustrium

63 3586 232 3642 personarum
256 3571 320 3627 looo
343 3570 474 3626 nemiuem
493 3571 598 3641 haberi,

62 3667 130 3736 eujus
158 3681 212 3722 uon
245 3671 323 3738 pater
353 3681 438 3737 aeque
472 3681 504 3721 ae
536 3682 597 3721 ma-

59 3763 98 3815 ter
116 3759 236 3815 illustres
259 3758 378 3816 inissent.
420 3758 550 3817 Similiter
570 3759 595 3814 in

60 3854 177 3926 equestri
206 3852 301 3910 ordine
326 3859 465 3925 parentum
496 3853 597 3909 natales

57 3947 183 4020 spectari.

111 4056 251 4129 Equestris
263 4057 364 4115 ordinis
373 4058 444 4131 patri
456 4075 491 4115 en
500 4059 598 4115 illustri

54 4155 141 4208 matre
152 4153 285 4222 equestris
295 4152 398 4208 ordinis
404 4154 504 4209 liberos
514 4155 597 4223 nosci⁷

53 4246 174 4317 itemque
190 4263 224 4301 ex
241 4252 326 4302 matre
345 4263 398 4303 non
415 4247 511 4304 illustri
530 4247 596 4304 illu-

52 4339 150 4398 strium
170 4339 271 4396 ordinis
290 4341 369 4416 patri.
